01REMESSA01COBRANCA       00000000000004999512CENTRO EDUCACIONAL PONTO DE PA237BRADESCO       020117        MX0001002                                                                                                                                                                                                                                                                                     000001
100000 000000000000 0009028130014967500000000003              0000000000000000003800000000002N           2  01000000000310031700000000337000000000012N091216000000000000000000000000000000004000000000000000000000000000000100009204945796MICHELE DA SILVA NEVES FERNANDES        MARIO ANTONIO THURLER                               28610000                                                            000002
100000 000000000000 0009028130014967500000000015              0000000000000000015100000000002N           2  01000000001510031700000000447000000000012N121216000000000000000000000000000000004000000000000000000000000000000100010788819798RAPHAELLA MARTINS TOLEDO                MANLIO DE ARAUJO SILVA                              28600000                                                            000003
100000 000000000000 0009028130014967500000000027              0000000000000000027500000000002N           2  01000000002710031700000000447000000000012N121216000000000000000000000000000000006000000000000000000000000000000100006385611752LILIANE FREIMAN CORDEIRO                PARANA                                              28623190                                                            000004
100000 000000000000 0009028130014967500000000039              0000000000000000039900000000002N           2  01000000003910031700000000447000000000012N121216000000000000000000000000000000004000000000000000000000000000000100005303426777YULA CARVALHO DOS SANTOS                WILTON CAETANO PIRAZZO                              28610000                                                            000005
100000 000000000000 0009028130014967500000000051              0000000000000000051800000000002N           2  01000000005110031700000000337000000000012N121216000000000000000000000000000000003000000000000000000000000000000100010130699780MARIA HELENA PACANHOS GUZZO             JULIO ANTONIO THURLER                               28620000                                                            000006
100000 000000000000 0009028130014967500000000063              0000000000000000063100000000002N           2  01000000006310031700000000337000000000012N121216000000000000000000000000000000010700000000000000000000000000000100009988250770VANESSA LIMA DE OLIVEIRA                SAO ROQUE                                           28623370                                                            000007
100000 000000000000 0009028130014967500000000075              0000000000000000075500000000002N           2  01000000007510031700000000337000000000012N121216000000000000000000000000000000011500000000000000000000000000000100005717484739RENATA JARDIM ROCHA DE MELLO            JARDIM ROCHA DE MELLO                               28623670                                                            000008
100000 000000000000 0009028130014967500000000087              0000000000000000087900000000002N           2  01000000008710031700000000337000000000012N121216000000000000000000000000000000007000000000000000000000000000000100012393629785GRAZIELE DA SILVA NASCIMENTO            MARIA DA GLORIA NENO                                28620150                                                            000009
100000 000000000000 0009028130014967500000000099              0000000000000000099200000000002N           2  01000000009910031700000000447000000000012N121216000000000000000000000000000000004000000000000000000000000000000100002632142733SIMONE SANGLARD BOHER                   SANTANA                                             28623190                                                            000010
100000 000000000000 0009028130014967500000000111              0000000000000000111500000000002N           2  01000000011110031700000000447000000000012N121216000000000000000000000000000000004000000000000000000000000000000100002630345777VIVIANE DOS SANTOS DUARTE               ACUCENA                                             02860000                                                            000011
100000 000000000000 0009028130014967500000000135              0000000000000000135200000000002N           2  01000000013510031700000000447000000000012N121216000000000000000000000000000000004000000000000000000000000000000100011581080794MARCOS ALEXANDRE DA CAMARA              SAO JOAO DE MERITI                                  28623750                                                            000012
100000 000000000000 0009028130014967500000000147              0000000000000000147600000000002N           2  01000000014710031700000000337000000000012N121216000000000000000000000000000000005500000000000000000000000000000100007965086743PRISCYLA PALOMO MORENO SERAFIM          MANOEL DUARTE                                       28623510                                                            000013
100000 000000000000 0009028130014967500000000171              0000000000000000171900000000002N           2  01000000017110031700000000337000000000012N121216000000000000000000000000000000005000000000000000000000000000000100014080928750JESSICA FERREIRA LOPES                  RAUL VEIGA                                          28623470                                                            000014
100000 000000000000 0009028130014967500000000183              0000000000000000183200000000002N           2  01000000018310031700000000447000000000012N121216000000000000000000000000000000008000000000000000000000000000000100008446524740TATIANA PACHECO SILVA VALERIANO         JOAQUIM ANTUNES                                     28623770                                                            000015
100000 000000000000 0009028130014967500000000195              0000000000000000195600000000002N           2  01000000019510031700000000447000000000012N121216000000000000000000000000000000004000000000000000000000000000000100020015278883MARIA APARECIDA DA SILVA                GASPAR MEYER                                        28610000                                                            000016
100000 000000000000 0009028130014967500000000219              0000000000000000219700000000002N           2  01000000021910031700000000337000000000012N121216000000000000000000000000000000005700000000000000000000000000000100015543743750NAIANE DE SOUZA KNUPP SILVA VIGANT      GENECILLO LUCIANO BORGES                            28610000                                                            000017
100000 000000000000 0009028130014967500000000231              0000000000000000231600000000002N           2  01000000023110031700000000337000000000012N121216000000000000000000000000000000008500000000000000000000000000000100002963185740IONAH LUCIA CHADER DE MORAES            BAHIA                                               28623260                                                            000018
100000 000000000000 0009028130014967500000000243              0000000000000000243P00000000002N           2  01000000024310031700000000447000000000012N121216000000000000000000000000000000006000000000000000000000000000000100013982238757SAMARYS CHRISTINE AZEVEDO DE OLIVEIRA   MANOEL LOURENCO SOBRINHO                            28623440                                                            000019
100000 000000000000 0009028130014967500000000255              0000000000000000255300000000002N           2  01000000025510031700000000447000000000012N121216000000000000000000000000000000004000000000000000000000000000000100008314119709SAULO DA CRUZ FERREIRA                                                                      28630640                                                            000020
100000 000000000000 0009028130014967500000000267              0000000000000000267700000000002N           2  01000000026710031700000000447000000000012N121216000000000000000000000000000000006000000000000000000000000000000100014260391747PATRICIA BARROSO MUNHOES                116-KM65                                            28615065                                                            000021
100000 000000000000 0009028130014967500000000279              0000000000000000279000000000002N           2  01000000027910031700000000337000000000012N121216000000000000000000000000000000006000000000000000000000000000000100009977679797ALEXANDRA LAMBLET SANCHES DA SILVA      MANLIO DE ARAUJO SILVAS                             28623505                                                            000022
100000 000000000000 0009028130014967500000000303              0000000000000000303700000000002N           2  01000000030310031700000000337000000000012N121216000000000000000000000000000000008700000000000000000000000000000100014135541720ETUANE DE MATTOS FREITAS                EXPEDICIONARIO ANTONIO MORAIS                       28610000                                                            000023
100000 000000000000 0009028130014967500000000327              0000000000000000327400000000002N           2  01000000032710031700000000337000000000012N121216000000000000000000000000000000010700000000000000000000000000000100009744348763ANA PAULA BARBOSA POLONIO               JACINTO JOAQUIM PEREIRA                             28623685                                                            000024
100000 000000000000 0009028130014967500000000351              0000000000000000351700000000002N           2  01000000035110031700000000447000000000012N131216000000000000000000000000000000008500000000000000000000000000000100007583405750MARIA DE FATIMA CHABOUDT GARCIA         ISMERIA DE CARVALHO PIRES DE MORAES                 28635230                                                            000025
100000 000000000000 0009028130014967500000000363              0000000000000000363000000000002N           2  01000000036310031700000000337000000000012N131216000000000000000000000000000000006000000000000000000000000000000100001912758750TEREZINHA ELIDIA DA SILVA               PRESIDENTE RAUL VEIGA                               28623460                                                            000026
100000 000000000000 0009028130014967500000000375              0000000000000000375400000000002N           2  01000000037510031700000000337000000000012N131216000000000000000000000000000000011500000000000000000000000000000100005717484739RENATA JARDIM ROCHA DE MELLO            JOAQUIM MOREIRA PINTO                               28623670                                                            000027
100000 000000000000 0009028130014967500000000399              0000000000000000399100000000002N           2  01000000039910031700000000337000000000012N131216000000000000000000000000000000010500000000000000000000000000000100007355183788SILVIA DUARTE DANIEL                    ELISA FERNANDES                                     28623430                                                            000028
100000 000000000000 0009028130014967500000000411              0000000000000000411400000000002N           2  01000000041110031700000000337000000000012N131216000000000000000000000000000000010700000000000000000000000000000100009697123756EDILAMAR FEU                            FRANCISCO NICOLAU                                   28620105                                                            000029
100000 000000000000 0009028130014967500000000435              0000000000000000435100000000002N           2  01000000043510031700000000337000000000012N131216000000000000000000000000000000008500000000000000000000000000000100010891520783ANA PAULA FERREIRA GOMES                MANOEL LOURENCO SOBRINHO                            28623440                                                            000030
100000 000000000000 0009028130014967500000000459              0000000000000000459900000000002N           2  01000000045910031700000000337000000000012N131216000000000000000000000000000000008000000000000000000000000000000100009940004877RODRIGO FERREIRA DE CARVALHO            BAHIA                                               28623260                                                            000031
100000 000000000000 0009028130014967500000000471              0000000000000000471800000000002N           2  01000000047110031700000000447000000000012N131216000000000000000000000000000000004000000000000000000000000000000100010499307704ANDRE DE OLIVEIRA PINTO                 MARIA D ANGELO MGLIANO                              28620070                                                            000032
100000 000000000000 0009028130014967500000000483              0000000000000000483100000000002N           2  01000000048310031700000000447000000000012N131216000000000000000000000000000000004000000000000000000000000000000100005455817612VIVIAN KLEI MOTTA                       PRESIDENTE VARGAS                                   02862300                                                            000033
100000 000000000000 0009028130014967500000000507              0000000000000000507200000000002N           2  01000000050710031700000000337000000000012N131216000000000000000000000000000000011700000000000000000000000000000100002935663721ANGELITA CHERMONT DE CARVALHO RODRIGUES AUGUSTO NICOLAU                                     28623420                                                            000034
100000 000000000000 0009028130014967500000000519              0000000000000000519600000000002N           2  01000000051910031700000000337000000000012N131216000000000000000000000000000000008500000000000000000000000000000100083183329700VERUTE FLORES DA COSTA                  JOSE RAMINELI                                       28623640                                                            000035
100000 000000000000 0009028130014967500000000531              0000000000000000531500000000002N           2  01000000053110031700000000337000000000012N131216000000000000000000000000000000008500000000000000000000000000000100051440520704MARINA CATARCIONE DE ARAUJO             SAO JOSE                                            28613360                                                            000036
100000 000000000000 0009028130014967500000000543              0000000000000000543900000000002N           2  01000000054310031700000000447000000000012N131216000000000000000000000000000000006000000000000000000000000000000100001025285786IVONETE DA SILVA CALDAS                 MARIA DA GLORIA NENO                                28610000                                                            000037
100000 000000000000 0009028130014967500000000555              0000000000000000555200000000002N           2  01000000055510031700000000337000000000012N131216000000000000000000000000000000008500000000000000000000000000000100007655553775THOPSON CARDINOT JESUS                  PIAUI                                               28623310                                                            000038
100000 000000000000 0009028130014967500000000567              0000000000000000567600000000002N           2  01000000056710031700000000337000000000012N131216000000000000000000000000000000008500000000000000000000000000000100007820503793ANEZIA DOS ANJOS SILVA COELHO           JULIA IRENE GOMES DE ANDRADE                        28623420                                                            000039
100000 000000000000 0009028130014967500000000579              0000000000000000579P00000000002N           2  01000000057910031700000000447000000000012N131216000000000000000000000000000000005000000000000000000000000000000100008675306776REGILANE DAS GRACAS PINTO               AMAPA                                               28620250                                                            000040
100000 000000000000 0009028130014967500000000591              0000000000000000591900000000002N           2  01000000059110031700000000447000000000012N131216000000000000000000000000000000008500000000000000000000000000000100004798745731CARLA GOMES DA SILVA FERNADES           RAUL VEIGA                                          28623460                                                            000041
100000 000000000000 0009028130014967500000000603              0000000000000000603600000000002N           2  01000000060310031700000000337000000000012N131216000000000000000000000000000000008500000000000000000000000000000100002976278725ROSILENE QUEIROZ                        MARIA DA GLORIA NENO                                28620150                                                            000042
100000 000000000000 0009028130014967500000000663              0000000000000000663P00000000002N           2  01000000066310031700000000447000000000012N131216000000000000000000000000000000008500000000000000000000000000000100002975727763CLAUDIA DE FARIA GONZAGA SILVA          PRESIDENTE SODRE                                    28623480                                                            000043
100000 000000000000 0009028130014967500000000675              0000000000000000675300000000002N           2  01000000067510031700000000447000000000012N131216000000000000000000000000000000008500000000000000000000000000000100000157536475ELANE PINHEIRO DE MELO                  ARISTAO JACOND                                      28623420                                                            000044
100000 000000000000 0009028130014967500000000687              0000000000000000687700000000002N           2  01000000068710031700000000337000000000012N131216000000000000000000000000000000008500000000000000000000000000000100004107899764MERCIA APARECIDA NASCIMENTO             AMAPA                                               28620250                                                            000045
100000 000000000000 0009028130014967500000000723              0000000000000000723700000000002N           2  01000000072310031700000000447000000000012N131216000000000000000000000000000000004000000000000000000000000000000100012059453771DIEGO PEREIRA OLIVEIRA                  FRANCISCO NICOLAU                                   28610000                                                            000046
100000 000000000000 0009028130014967500000000747              0000000000000000747400000000002N           2  01000000074710031700000000447000000000012N131216000000000000000000000000000000008000000000000000000000000000000100010736681779JULIANA BLAUDT FERRAZ DE AZEVEDO        FRANCISCO NICOLAU                                   28620105                                                            000047
100000 000000000000 0009028130014967500000000759              0000000000000000759800000000002N           2  01000000075910031700000000447000000000012N131216000000000000000000000000000000006000000000000000000000000000000100008871395743VALDELY PEREIRA XAVIER                  SANTA CATARINA                                      28623350                                                            000048
100000 000000000000 0009028130014967500000000771              0000000000000000771700000000002N           2  01000000077110031700000000447000000000012N131216000000000000000000000000000000006700000000000000000000000000000100012444566750ELISANGELA SOARES DE LIMA MACHADO       GUAPORE                                             28620230                                                            000049
100000 000000000000 0009028130014967500000000795              0000000000000000795400000000002N           2  01000000079510031700000000337000000000012N131216000000000000000000000000000000012500000000000000000000000000000100010542478706ADRIANA SILVA BARCELOS                  GAGO COUTINHO                                       28620200                                                            000050
100000 000000000000 0009028130014967500000000807              0000000000000000807100000000002N           2  01000000080710031700000000447000000000012N131216000000000000000000000000000000008000000000000000000000000000000100088531708753PAULO ROLISON PEREIRA DE FREITAS        FOLLY                                               28623780                                                            000051
100000 000000000000 0009028130014967500000000819              0000000000000000819500000000002N           2  01000000081910031700000000447000000000012N131216000000000000000000000000000000004000000000000000000000000000000100005455817612VIVIAN KLEI MOTTA                       PRESIDENTE VARGAS                                   02862300                                                            000052
100000 000000000000 0009028130014967500000000843              0000000000000000843800000000002N           2  01000000084310031700000000447000000000012N131216000000000000000000000000000000004000000000000000000000000000000100010339831790LIVIA DE ALMEIDA ABREU                  JAIME HIGGINS                                       28623550                                                            000053
100000 000000000000 0009028130014967500000000855              0000000000000000855100000000002N           2  01000000085510031700000000447000000000012N131216000000000000000000000000000000004000000000000000000000000000000100005520925763JULIO CESAR ROCHEMONT SHIMIDT           JOSE TESSAROLLO                                     28610000                                                            000054
100000 000000000000 0009028130014967500000000867              0000000000000000867500000000002N           2  01000000086710031700000000337000000000012N131216000000000000000000000000000000010700000000000000000000000000000100009744348763ANA PAULA BARBOSA POLONIO               JACINTO JOAQUIM PEREIRA                             28623685                                                            000055
100000 000000000000 0009028130014967500000000879              0000000000000000879900000000002N           2  01000000087910031700000000447000000000012N131216000000000000000000000000000000004000000000000000000000000000000100013020782759FLAVIA DA SILVA MARTINS MAFORT          GENECILLO LUCIANO BORGES                            28610000                                                            000056
100000 000000000000 0009028130014967500000000891              0000000000000000891800000000002N           2  01000000089110031700000000337000000000012N131216000000000000000000000000000000008700000000000000000000000000000100096847360704RONALDO VELOSO DA SILVEIRA              MARIA DANGELO MAGLIANO                              28610000                                                            000057
100000 000000000000 0009028130014967500000000903              0000000000000000903500000000002N           2  01000000090310031700000000337000000000012N131216000000000000000000000000000000008700000000000000000000000000000100096847360704RONALDO VELOSO DA SILVEIRA              MARIA DANGELO MAGLIANO                              28610000                                                            000058
100000 000000000000 0009028130014967500000000915              0000000000000000915900000000002N           2  01000000091510031700000000337000000000012N131216000000000000000000000000000000010500000000000000000000000000000100009744348763ANA PAULA BARBOSA POLONIO               RIO CARAIBA                                         28634100                                                            000059
100000 000000000000 0009028130014967500000000927              0000000000000000927200000000002N           2  01000000092710031700000000337000000000012N131216000000000000000000000000000000008500000000000000000000000000000100012790154708TAMIRES MACEDO FERREIRA                 BAHIA                                               28623260                                                            000060
100000 000000000000 0009028130014967500000000939              0000000000000000939600000000002N           2  01000000093910031700000000337000000000012N131216000000000000000000000000000000010000000000000000000000000000000100012378975724ROBERTA DA CONCEICAO DOS SANTOS         XINGU                                               28620310                                                            000061
100000 000000000000 0009028130014967500000000951              0000000000000000951500000000002N           2  01000000095110031700000000337000000000012N131216000000000000000000000000000000005000000000000000000000000000000100009218594737MADALENA TORRES                         PRIMAVERA                                           28610000                                                            000062
100000 000000000000 0009028130014967500000000963              0000000000000000963900000000002N           2  01000000096310031700000000447000000000012N131216000000000000000000000000000000010500000000000000000000000000000100003673387774ROSELY QUEIROZ                          PRES. BACKER                                        28620240                                                            000063
100000 000000000000 0009028130014967500000000975              0000000000000000975200000000002N           2  01000000097510031700000000447000000000012N131216000000000000000000000000000000006700000000000000000000000000000100009536866714MONARA TEIXEIRA DE BARROS TOLEDO        LIRIOS DO CAMPO                                     28610000                                                            000064
100000 000000000000 0009028130014967500000000987              0000000000000000987600000000002N           2  01000000098710031700000000337000000000012N131216000000000000000000000000000000008500000000000000000000000000000100000570115473PAULO SERGIO JUNQUEIRA BARBOSA          HENRIQUE SAMPAIO LEAL                               28623660                                                            000065
100000 000000000000 0009028130014967500000001011              0000000000000001011400000000002N           2  01000000101110031700000000447000000000012N131216000000000000000000000000000000008500000000000000000000000000000100010891520783ANA PAULA FERREIRA DE OLIVEIRA          SAO ROQUE                                           28623370                                                            000066
100000 000000000000 0009028130014967500000001059              0000000000000001059900000000002N           2  01000000105910031700000000337000000000012N131216000000000000000000000000000000008000000000000000000000000000000100009945732781BRUNA SALES LOZADA MAFORT               SAO JOAO DE MERITI                                  28623750                                                            000067
100000 000000000000 0009028130014967500000001083              0000000000000001083100000000002N           2  01000000108310031700000000337000000000012N131216000000000000000000000000000000008700000000000000000000000000000100008432896780ALINE GOMES DA SILVA                    SOUZA MIRANDA                                       28620340                                                            000068
100000 000000000000 0009028130014967500000001095              0000000000000001095500000000002N           2  01000000109510031700000000447000000000012N131216000000000000000000000000000000010500000000000000000000000000000100003673387774ROSELY QUEIROZ                          PRES. BACKER                                        28620240                                                            000069
100000 000000000000 0009028130014967500000001107              0000000000000001107200000000002N           2  01000000110710031700000000337000000000012N131216000000000000000000000000000000010700000000000000000000000000000100009744348763ANA PAULA BARBOSA POLONIO               JACINTO JOAQUIM PEREIRA                             28623685                                                            000070
100000 000000000000 0009028130014967500000001119              0000000000000001119600000000002N           2  01000000111910031700000000337000000000012N131216000000000000000000000000000000006000000000000000000000000000000100014934705713DEYVIENE ARAUJO SOARES                  SAO JOAO DE MERITI                                  28623750                                                            000071
100000 000000000000 0009028130014967500000001131              0000000000000001131500000000002N           2  01000000113110031700000000337000000000012N131216000000000000000000000000000000010700000000000000000000000000000100001067077790BRUNO CARVALHO PEREIRA                  JULIO ANTONIO THURLER                               28620000                                                            000072
100000 000000000000 0009028130014967500000001143              0000000000000001143900000000002N           2  01000000114310031700000000447000000000012N131216000000000000000000000000000000006000000000000000000000000000000100005682397762RENATA DE SOUZA GARCIA                  MANLIO DE ARAUJO SILVA                              28623505                                                            000073
100000 000000000000 0009028130014967500000001155              0000000000000001155200000000002N           2  01000000115510031700000000447000000000012N131216000000000000000000000000000000008000000000000000000000000000000100007965319780ALCINEIA MENDES PENA                    MANLIO DE ARAUJO SILVA                              28623505                                                            000074
100000 000000000000 0009028130014967500000001167              0000000000000001167600000000002N           2  01000000116710031700000000337000000000012N131216000000000000000000000000000000004000000000000000000000000000000100008311154759ANDREIA DE CARVALHO                     SAO ROQUE                                           28610000                                                            000075
100000 000000000000 0009028130014967500000001179              0000000000000001179P00000000002N           2  01000000117910031700000000447000000000012N131216000000000000000000000000000000015700000000000000000000000000000100005727702780PATRICIA SILVA DOS SANTOS RODRIGUES     MARANHAO                                            28623110                                                            000076
100000 000000000000 0009028130014967500000001191              0000000000000001191900000000002N           2  01000000119110031700000000337000000000012N131216000000000000000000000000000000008500000000000000000000000000000100010205653731PRISCILA NASCIMENTO                     JACINTO PEREIRA                                     28623101                                                            000077
100000 000000000000 0009028130014967500000001203              0000000000000001203600000000002N           2  01000000120310031700000000447000000000012N131216000000000000000000000000000000015700000000000000000000000000000100005727702780PATRICIA SILVA DOS SANTOS RODRIGUES     MARANHAO                                            28623631                                                            000078
100000 000000000000 0009028130014967500000001227              0000000000000001227300000000002N           2  01000000122710031700000000337000000000012N131216000000000000000000000000000000010500000000000000000000000000000100002975945752CLARA HELENA ALVES                      RAUL VEIGA                                          28623460                                                            000079
100000 000000000000 0009028130014967500000001239              0000000000000001239700000000002N           2  01000000123910031700000000337000000000012N131216000000000000000000000000000000004000000000000000000000000000000100002498290702MARCOS CESAR DE SOUZA MACEDO            ROMAO DE AGUILERA CAMPOS                            28620170                                                            000080
100000 000000000000 0009028130014967500000001275              0000000000000001275300000000002N           2  01000000127510031700000000337000000000012N131216000000000000000000000000000000004000000000000000000000000000000100007584099742WILLIAN ROBSON GONCALVES BORGES         GUSTAVO LIRA                                        28629390                                                            000081
100000 000000000000 0009028130014967500000001287              0000000000000001287700000000002N           2  01000000128710031700000000447000000000012N131216000000000000000000000000000000004000000000000000000000000000000100010632600780FABRICIA CARDOSO RAMOS                  PIAU                                                28623310                                                            000082
100000 000000000000 0009028130014967500000001299              0000000000000001299000000000002N           2  01000000129910031700000000337000000000012N131216000000000000000000000000000000004000000000000000000000000000000100009283725700DANIELE KLEIN                           SANTANA                                             28610000                                                            000083
100000 000000000000 0009028130014967500000001311              0000000000000001311300000000002N           2  01000000131110031700000000337000000000012N131216000000000000000000000000000000005000000000000000000000000000000100014080928750JESSICA FERREIRA LOPES LIMA             RAUL VEIGA                                          28623470                                                            000084
100000 000000000000 0009028130014967500000001323              0000000000000001323700000000002N           2  01000000132310031700000000337000000000012N131216000000000000000000000000000000009500000000000000000000000000000100008436342780LUCY FARIA LIMA                         ESPIRITO SANTO                                      28630100                                                            000085
100000 000000000000 0009028130014967500000001335              0000000000000001335000000000002N           2  01000000133510031700000000337000000000012N131216000000000000000000000000000000013500000000000000000000000000000100012583585738EVANDRO BENTO MIGUEL                    ROMAOAGUILERA CAMPOS                                28620170                                                            000086
100000 000000000000 0009028130014967500000001347              0000000000000001347400000000002N           2  01000000134710031700000000337000000000012N131216000000000000000000000000000000004000000000000000000000000000000100009371101750SILMARIA DE OLIVEIRA RODRIGUES          MAL RONDON                                          28621130                                                            000087
100000 000000000000 0009028130014967500000001359              0000000000000001359800000000002N           2  01000000135910031700000000337000000000012N131216000000000000000000000000000000013000000000000000000000000000000100014385415706ANA PAULA LOPES DA SILVA OLIVEIRA       JULIO ANTONIO THURLER                               28620260                                                            000088
100000 000000000000 0009028130014967500000001371              0000000000000001371700000000002N           2  01000000137110031700000000447000000000012N131216000000000000000000000000000000004000000000000000000000000000000100014683978776GRICHILA ROSA GOMES                     SAO JOO DE MERITI                                   28623750                                                            000089
100000 000000000000 0009028130014967500000001419              0000000000000001419500000000002N           2  01000000141910031700000000447000000000012N131216000000000000000000000000000000010500000000000000000000000000000100012141955718FRANSUELLY DE FREITAS ALENCAR           BARRETO DE ANDRADE                                  28601970                                                            000090
100000 000000000000 0009028130014967500000001431              0000000000000001431400000000002N           2  01000000143110031700000000447000000000012N131216000000000000000000000000000000008000000000000000000000000000000100010736681779JULIANA BLAUDT FERRAZ DE AZEVEDO        FRANCISCO NICOLAU                                   28620105                                                            000091
100000 000000000000 0009028130014967500000001443              0000000000000001443800000000002N           2  01000000144310031700000000447000000000012N131216000000000000000000000000000000004000000000000000000000000000000100001284821765RONIA MARIA TERR DA SILVA FAGUNDES      JOSE ANDRADE BATISTA JUNIOR                         28623330                                                            000092
100000 000000000000 0009028130014967500000001455              0000000000000001455100000000002N           2  01000000145510031700000000447000000000012N131216000000000000000000000000000000004000000000000000000000000000000100013163867758GABRIELA SARDINHA MAROTTI               JOSE CALDAS                                         28601970                                                            000093
100000 000000000000 0009028130014967500000001467              0000000000000001467500000000002N           2  01000000146710031700000000337000000000012N131216000000000000000000000000000000008500000000000000000000000000000100002965172750ROSSANA BARBOSA DOS SANTOS              15 DE NOVEMBRO                                      28623355                                                            000094
100000 000000000000 0009028130014967500000001479              0000000000000001479900000000002N           2  01000000147910031700000000407000000000012N131216000000000000000000000000000000006000000000000000000000000000000100013776743719NATALIA DA SILVA CUNHA                  JOAQUIM ANTUNES                                     28623770                                                            000095
100000 000000000000 0009028130014967500000001491              0000000000000001491800000000002N           2  01000000149110031700000000447000000000012N131216000000000000000000000000000000006000000000000000000000000000000100013776743719NATALIA DA SILVA CUNHA                  JOAQUIM ANTUNES                                     28623770                                                            000096
100000 000000000000 0009028130014967500000001515              0000000000000001515900000000002N           2  01000000151510031700000000337000000000012N131216000000000000000000000000000000010700000000000000000000000000000100010060266732MARIA DE FATIMA DOS SANTOS MORAIS       PIAUI                                               28623310                                                            000097
100000 000000000000 0009028130014967500000001527              0000000000000001527200000000002N           2  01000000152710031700000000447000000000012N131216000000000000000000000000000000005700000000000000000000000000000100006223114761HERICKA FALTZ                           15 DE NOVEMBRO                                      28623355                                                            000098
100000 000000000000 0009028130014967500000001539              0000000000000001539600000000002N           2  01000000153910031700000000337000000000012N131216000000000000000000000000000000008500000000000000000000000000000100007655553775THOPSON CARDINOT JESUS                  PIAUI                                               28623310                                                            000099
100000 000000000000 0009028130014967500000001551              0000000000000001551500000000002N           2  01000000155110031700000000337000000000012N131216000000000000000000000000000000013500000000000000000000000000000100012583585738EVANDRO BENTO MIGUEL                    ROMAOAGUILERA CAMPOS                                28620170                                                            000100
100000 000000000000 0009028130014967500000001563              0000000000000001563900000000002N           2  01000000156310031700000000337000000000012N131216000000000000000000000000000000004000000000000000000000000000000100009371101750SILMARIA DE OLIVEIRA RODRIGUES          MAL RONDON                                          28621130                                                            000101
100000 000000000000 0009028130014967500000001575              0000000000000001575200000000002N           2  01000000157510031700000000337000000000012N131216000000000000000000000000000000002200000000000000000000000000000100007955264746TATIANE MARINHO OUVERNEY                SANTANA                                             28633050                                                            000102
100000 000000000000 0009028130014967500000001587              0000000000000001587600000000002N           2  01000000158710031700000000337000000000012N141216000000000000000000000000000000011700000000000000000000000000000100012320474730ANDIARA LIMA RODRIGUES                  AUGUSTO NICOLAU RODRIGUES                           28610000                                                            000103
100000 000000000000 0009028130014967500000001599              0000000000000001599P00000000002N           2  01000000159910031700000000447000000000012N141216000000000000000000000000000000006000000000000000000000000000000100001588667707MARCELO DOS SANTOS                      MANILO DE ARAUJO SILVA                              28523505                                                            000104
100000 000000000000 0009028130014967500000001611              0000000000000001611200000000002N           2  01000000161110031700000000447000000000012N141216000000000000000000000000000000004000000000000000000000000000000100002976012708MIRIAM DO ALMO PINHO                    EDVALDO CUNHA                                       28621400                                                            000105
100000 000000000000 0009028130014967500000001623              0000000000000001623600000000002N           2  01000000162310031700000000447000000000012N141216000000000000000000000000000000008500000000000000000000000000000100001912230771EVERALDO PETERS                         AURORA SILVEIRA                                     28621220                                                            000106
100000 000000000000 0009028130014967500000001635              0000000000000001635P00000000002N           2  01000000163510031700000000447000000000012N141216000000000000000000000000000000004000000000000000000000000000000100010952333783GESSICA CARDOSO OGELIO                  ARAGUAIA                                            28623680                                                            000107
100000 000000000000 0009028130014967500000001647              0000000000000001647300000000002N           2  01000000164710031700000000447000000000012N141216000000000000000000000000000000006000000000000000000000000000000100013827426731FABIANA ROSA ANDRE                      EDEVALDO CUNHA                                      28621400                                                            000108
100000 000000000000 0009028130014967500000001671              0000000000000001671600000000002N           2  01000000167110031700000000337000000000012N141216000000000000000000000000000000009500000000000000000000000000000100001067173757EDILENE DO COUTO BOY                    SOUZA MIRANDA                                       28620340                                                            000109
100000 000000000000 0009028130014967500000001683              0000000000000001683P00000000002N           2  01000000168310031700000000337000000000012N141216000000000000000000000000000000010000000000000000000000000000000100010478335733MAYCON BRUNO MORAIS DE SOUZA            ALEXANDRE BACHINI                                   28630280                                                            000110
100000 000000000000 0009028130014967500000001707              0000000000000001707000000000002N           2  01000000170710031700000000337000000000012N141216000000000000000000000000000000008500000000000000000000000000000100005348024783CRISTIANE AMARAL DOS SANTOS             PERNAMBUCO                                          28623120                                                            000111
100000 000000000000 0009028130014967500000001719              0000000000000001719400000000002N           2  01000000171910031700000000337000000000012N141216000000000000000000000000000000008500000000000000000000000000000100093646836768ALZINETH ARAUJO DA SILVA                SOUZA MIRANDA                                       28620340                                                            000112
100000 000000000000 0009028130014967500000001731              0000000000000001731300000000002N           2  01000000173110031700000000337000000000012N141216000000000000000000000000000000008500000000000000000000000000000100007079922739REGIANE LIMA AMORIM ROSA                JULIO ANTONIO THURLER                               00000000                                                            000113
100000 000000000000 0009028130014967500000001743              0000000000000001743700000000002N           2  01000000174310031700000000447000000000012N141216000000000000000000000000000000004000000000000000000000000000000100014959647795FRANCINE BARRETO MUNIZ                  PARA                                                28623090                                                            000114
100000 000000000000 0009028130014967500000001779              0000000000000001779800000000002N           2  01000000177910031700000000447000000000012N141216000000000000000000000000000000008000000000000000000000000000000100009940048777RODRIGO FERREIRA DE CARVALHO            BAHIA                                               28623260                                                            000115
100000 000000000000 0009028130014967500000001803              0000000000000001803400000000002N           2  01000000180310031700000000337000000000012N141216000000000000000000000000000000008500000000000000000000000000000100012351564782DAIANA GARVINO MELLO                    SANTA CATARINA                                      00000000                                                            000116
100000 000000000000 0009028130014967500000001815              0000000000000001815800000000002N           2  01000000181510031700000000447000000000012N141216000000000000000000000000000000006000000000000000000000000000000100003677280796ROSANE DE SOUZA                         BAHIA                                               28623260                                                            000117
100000 000000000000 0009028130014967500000001827              0000000000000001827100000000002N           2  01000000182710031700000000447000000000012N141216000000000000000000000000000000004000000000000000000000000000000100009345581758MICHELE SILVA MIRANDA                   SOUZA MIRANDA                                       28623000                                                            000118
100000 000000000000 0009028130014967500000001839              0000000000000001839500000000002N           2  01000000183910031700000000447000000000012N141216000000000000000000000000000000004000000000000000000000000000000100002634164700WELLINGTON BOTELHO DE SOUZA             15 DE NOVEMBRO                                      28616105                                                            000119
100000 000000000000 0009028130014967500000001851              0000000000000001851400000000002N           2  01000000185110031700000000447000000000012N141216000000000000000000000000000000006000000000000000000000000000000100012282848730JULIANA BARBOSA DO ALMO                 SOUZA MIRANDA                                       28610000                                                            000120
100000 000000000000 0009028130014967500000001875              0000000000000001875100000000002N           2  01000000187510031700000000337000000000012N141216000000000000000000000000000000010500000000000000000000000000000100008931049730FABIANA DA SILVA LIMA                   SAO ROQUE                                           28623380                                                            000121
100000 000000000000 0009028130014967500000001887              0000000000000001887500000000002N           2  01000000188710031700000000447000000000012N141216000000000000000000000000000000006000000000000000000000000000000100012007238721NATHAN COSTA DE OLIVEIRA                MARIA DA GLORIA NENO                                28620150                                                            000122
100000 000000000000 0009028130014967500000001935              0000000000000001935900000000002N           2  01000000193510031700000000447000000000012N141216000000000000000000000000000000004000000000000000000000000000000100038624529808TAYANE VALDIVIA GONCALVES               FOLLY                                               28623380                                                            000123
100000 000000000000 0009028130014967500000001947              0000000000000001947200000000002N           2  01000000194710031700000000337000000000012N141216000000000000000000000000000000006000000000000000000000000000000100012577477708DAIANA PECLI DA SILVA                   JOAQUIM ANTUNES                                     28623770                                                            000124
100000 000000000000 0009028130014967500000001959              0000000000000001959600000000002N           2  01000000195910031700000000337000000000012N141216000000000000000000000000000000008500000000000000000000000000000100005563215709CINTIA DE JESUS POLLO                   URUGUAIANA                                          00000000                                                            000125
100000 000000000000 0009028130014967500000001971              0000000000000001971500000000002N           2  01000000197110031700000000447000000000012N141216000000000000000000000000000000006000000000000000000000000000000100012059642744DAIANE JARDIM DA SILVA                  FRANCOIS BUTTY                                      28623685                                                            000126
100000 000000000000 0009028130014967500000001983              0000000000000001983900000000002N           2  01000000198310031700000000447000000000012N141216000000000000000000000000000000010000000000000000000000000000000100010712214771MARIA APARECIDA DA SILVA                PRESIDENTE SODRE                                    28623480                                                            000127
100000 000000000000 0009028130014967500000001995              0000000000000001995200000000002N           2  01000000199510031700000000447000000000012N141216000000000000000000000000000000010000000000000000000000000000000100010712214771MARIA APARECIDA DA SILVA                PRESIDENTE SODRE                                    28623480                                                            000128
100000 000000000000 0009028130014967500000002007              0000000000000002007100000000002N           2  01000000200710031700000000447000000000012N141216000000000000000000000000000000006000000000000000000000000000000100002963705760CLEIDE FARIAS DE SALES                  SOUZA CARDOSO                                       28625520                                                            000129
100000 000000000000 0009028130014967500000002019              0000000000000002019500000000002N           2  01000000201910031700000000337000000000012N141216000000000000000000000000000000009500000000000000000000000000000100008626275757JANAINA ALVES SOUZA DE AGUIAR           LIRIOS DO CAMPO                                     28623000                                                            000130
100000 000000000000 0009028130014967500000002067              0000000000000002067500000000002N           2  01000000206710031700000000447000000000012N151216000000000000000000000000000000004000000000000000000000000000000100009075608730ALINE SIQUEIRA MARQUES                  MARIA DA GLORIA NENO                                28620150                                                            000131
100000 000000000000 0009028130014967500000002091              0000000000000002091800000000002N           2  01000000209110031700000000447000000000012N151216000000000000000000000000000000010500000000000000000000000000000100012083386760NAYARA DE DEUS BURGUES                  IZELINO MADURO                                      28623000                                                            000132
100000 000000000000 0009028130014967500000002103              0000000000000002103500000000002N           2  01000000210310031700000000447000000000012N151216000000000000000000000000000000006000000000000000000000000000000100002963705760CLEIDE FARIAS DE SALES                  SOUZA CARDOSO                                       28625520                                                            000133
100000 000000000000 0009028130014967500000002115              0000000000000002115900000000002N           2  01000000211510031700000000447000000000012N151216000000000000000000000000000000004000000000000000000000000000000100010847386783CARLA DA COSTA CARDOSO FONSECA          DA PEDRAS                                           28600000                                                            000134
100000 000000000000 0009028130014967500000002139              0000000000000002139600000000002N           2  01000000213910031700000000337000000000012N151216000000000000000000000000000000008500000000000000000000000000000100014065505747AMANDA OLIVEIRA DE ALMEIDA RODRIGUES    ESPIRITO SANTO                                      28623360                                                            000135
100000 000000000000 0009028130014967500000002151              0000000000000002151500000000002N           2  01000000215110031700000000447000000000012N161216000000000000000000000000000000006000000000000000000000000000000100012807955738IAGO ELLER AZEVEDO                      MANOEL LOURENCO SOBRINHO                            28623440                                                            000136
100000 000000000000 0009028130014967500000002163              0000000000000002163900000000002N           2  01000000216310031700000000447000000000012N161216000000000000000000000000000000004000000000000000000000000000000100015201835775CHAIANE MAGALDE FAUSTINO MOREIRA        RAUL VEIGA                                          28623460                                                            000137
100000 000000000000 0009028130014967500000002175              0000000000000002175200000000002N           2  01000000217510031700000000447000000000012N161216000000000000000000000000000000006000000000000000000000000000000100099898268700ROSELI MARIA SAMPAIO SILVA              MARANHAO                                            28623110                                                            000138
100000 000000000000 0009028130014967500000002211              0000000000000002211200000000002N           2  01000000221110031700000000447000000000012N201216000000000000000000000000000000004000000000000000000000000000000100016019521710CARLOS VICIUS ARAUJO BASTOS             ARACI DA SILVA CARVALHO                             28623420                                                            000139
100000 000000000000 0009028130014967500000002235              0000000000000002235P00000000002N           2  01000000223510031700000000337000000000012N201216000000000000000000000000000000012700000000000000000000000000000100005228151713IARACI SCHUMACKER DE LEMOS              CANDIDO PARDAL                                      28620200                                                            000140
100000 000000000000 0009028130014967500000002247              0000000000000002247300000000002N           2  01000000224710031700000000447000000000012N201216000000000000000000000000000000006000000000000000000000000000000100017410148756NICOLLY LONGO COSTA                     ELISA FERNANDES                                     28623430                                                            000141
100000 000000000000 0009028130014967500000002259              0000000000000002259700000000002N           2  01000000225910031700000000337000000000012N201216000000000000000000000000000000003000000000000000000000000000000100008589358720MARCO ANTONIO DA COSTA ARRUDA           JULIO ANTONIO THURLER                               28620000                                                            000142
100000 000000000000 0009028130014967500000002271              0000000000000002271600000000002N           2  01000000227110031700000000447000000000012N201216000000000000000000000000000000008500000000000000000000000000000100012146982713LILIAN VIEIRA PEREIRA                   GUSTAVO LIRA                                        28623390                                                            000143
100000 000000000000 0009028130014967500000002295              0000000000000002295300000000002N           2  01000000229510031700000000337000000000012N201216000000000000000000000000000000007500000000000000000000000000000100012172854743THAIS MAROTTI VIEIRA CARRIELO           MARINS                                              28613310                                                            000144
100000 000000000000 0009028130014967500000002307              0000000000000002307000000000002N           2  01000000230710031700000000337000000000012N201216000000000000000000000000000000003700000000000000000000000000000100015198767778CLAUDEIR PTRICIO NARCISIO               MANLIO DE ARAUJO SILVA                              28623505                                                            000145
100000 000000000000 0009028130014967500000000159              0000000000000000159P00000000002N           2  01000000015915031700000000337000000000012N121216000000000000000000000000000000010700000000000000000000000000000100009109602755FALLINE BUSQUET GALVAO DE LIMA          GAGO COUTINHO                                       00000000                                                            000146
100000 000000000000 0009028130014967500000000423              0000000000000000423800000000002N           2  01000000042315031700000000337000000000012N131216000000000000000000000000000000008500000000000000000000000000000100010891520783ANA PAULA FERREIRA GOMES                MANOEL LOURENCO SOBRINHO                            28623440                                                            000147
100000 000000000000 0009028130014967500000000447              0000000000000000447500000000002N           2  01000000044715031700000000337000000000012N131216000000000000000000000000000000008000000000000000000000000000000100009940004877RODRIGO FERREIRA DE CARVALHO            BAHIA                                               28623260                                                            000148
100000 000000000000 0009028130014967500000001791              0000000000000001791700000000002N           2  01000000179115031700000000337000000000012N141216000000000000000000000000000000008500000000000000000000000000000100012351564782DAIANA GARVINO MELLO                    SANTA CATARINA                                      00000000                                                            000149
100000 000000000000 0009028130014967500000000123              0000000000000000123900000000002N           2  01000000012320031700000000447000000000012N121216000000000000000000000000000000004000000000000000000000000000000100005609105765ZEDEQUIAS DE OLIVEIRA CASTRO            SOUZA MIRANDA                                       28623000                                                            000150
100000 000000000000 0009028130014967500000000999              0000000000000000999P00000000002N           2  01000000099920031700000000447000000000012N131216000000000000000000000000000000013700000000000000000000000000000100005533788703PATRICIA DE SOUZA SILVA                 PRIMAVERA                                           28620130                                                            000151
9                                                                                                                                                                                                                                                                                                                                                                                                         000152
