01REMESSA01COBRANCA       00000000000004999512CENTRO EDUCACIONAL PONTO DE PA237BRADESCO       030217        MX0001012                                                                                                                                                                                                                                                                                     000001
100000 000000000000 0009028130014967500000002619              0000000000000002619300000000002N           2  01000000261915021700000000447000000000012N131216000000000000000000000000000000008500000000000000000000000000000100010891520783ANA PAULA FERREIRA DE OLIVEIRA          SAO ROQUE                                           28623370                                                            000002
100000 000000000000 0009028130014967500000002618              0000000000000002618500000000002N           2  01000000261815021700000000337000000000012N131216000000000000000000000000000000004000000000000000000000000000000100007584099742WILLIAN ROBSON GONCALVES BORGES         GUSTAVO LIRA                                        28629390                                                            000003
100000 000000000000 0009028130014967500000002617              0000000000000002617700000000002N           2  01000000261715021700000000337000000000012N201216000000000000000000000000000000007500000000000000000000000000000100012172854743THAIS MAROTTI VIEIRA CARRIELO           MARINS                                              28613310                                                            000004
100000 000000000000 0009028130014967500000002621              0000000000000002621500000000002N           2  01000000262120021700000000337000000000012N201216000000000000000000000000000000007500000000000000000000000000000100012146982713LILIAN VIEIRA PEREIRA                   GUSTAVO LIRA                                        28623390                                                            000005
100000 000000000000 0009028130014967500000002620              0000000000000002620700000000002N           2  01000000262025021700000000447000000000012N131216000000000000000000000000000000013700000000000000000000000000000100005533788703PATRICIA DE SOUZA SILVA                 PRIMAVERA                                           28620130                                                            000006
9                                                                                                                                                                                                                                                                                                                                                                                                         000007
