01REMESSA01COBRANCA       00000000000004999512CENTRO EDUCACIONAL PONTO DE PA237BRADESCO       040817        MX0001041                                                                                                                                                                                                                                                                                     000001
100000 000000000000 0009028130014967500000002906              0002030000000002906000000000002N           2  01000000290610051700000000005000000000012N121216000000000000000000000000000000000000000000000000000000000000000100014080928750JESSICA FERREIRA LOPES                  RAUL VEIGA                                          28623470                                                            000002
9                                                                                                                                                                                                                                                                                                                                                                                                         000003
