01REMESSA01COBRANCA       00000000000004999512CENTRO EDUCACIONAL PONTO DE PA237BRADESCO       060217        MX0001014                                                                                                                                                                                                                                                                                     000001
100000 000000000000 0009028130014967500000002474              0000000000000002474300000000002N           2  01000000247410021700000000447000000000012N010217000000000000000000000000000000004000000000000000000000000000000100010361437757CLEISSIANE OLIVEIRA DA SILVA            MARIO ANTONIO THURLER                               28610000                                                            000002
100000 000000000000 0009028130014967500000002486              0000000000000002486700000000002N           2  01000000248610021700000000447000000000012N010217000000000000000000000000000000004000000000000000000000000000000100010361437757CLEISSIANE OLIVEIRA DA SILVA            MARIO ANTONIO THURLER                               28610000                                                            000003
100000 000000000000 0009028130014967500000002534              0000000000000002534000000000002N           2  01000000253410021700000000337000000000012N020217000000000000000000000000000000007000000000000000000000000000000100017119301721DAYANE FIGUEIREDO PINTO                 VICENTE SOBRINHO                                    28623400                                                            000004
100000 000000000000 0009028130014967500000002546              0000000000000002546400000000002N           2  01000000254610021700000000337000000000012N020217000000000000000000000000000000008500000000000000000000000000000100015889344706MICHELE BERGAMO SIMAO                   SANTA CATARINA                                      28623350                                                            000005
100000 000000000000 0009028130014967500000002558              0000000000000002558800000000002N           2  01000000255810021700000000337000000000012N020217000000000000000000000000000000008700000000000000000000000000000100008780518729IVONALDO DOMINGOS DA SILVA              MARIA DANGELO MAGLIANO                              28623780                                                            000006
100000 000000000000 0009028130014967500000002570              0000000000000002570700000000002N           2  01000000257010021700000000337000000000012N020217000000000000000000000000000000008500000000000000000000000000000100008780518729IVONALDO DOMINGOS DA SILVA              MARIA DANGELO MAGLIANO                              28620070                                                            000007
100000 000000000000 0009028130014967500000002594              0000000000000002594400000000002N           2  01000000259410021700000000447000000000012N020217000000000000000000000000000000005000000000000000000000000000000100005577067774GISELLE LOPES DOS SANTOS                SAO ROQUE                                           28623370                                                            000008
100000 000000000000 0009028130014967500000002606              0000000000000002606100000000002N           2  01000000260610021700000000337000000000012N020217000000000000000000000000000000004000000000000000000000000000000100013413217704GEIZIANE DA SILVA PIMENTA               SANTA CATARINA                                      28623350                                                            000009
100000 000000000000 0009028130014967500000002618              0000000000000002618500000000002N           2  01000000261810021700000000337000000000012N030217000000000000000000000000000000006000000000000000000000000000000100005252106797HUGO GONCALVES DE SALES                 MINAS GERAIS                                        28610000                                                            000010
100000 000000000000 0009028130014967500000002630              0000000000000002630400000000002N           2  01000000263010021700000000447000000000012N030217000000000000000000000000000000004000000000000000000000000000000100005256210750ANA CASSIA MELO GOMES                   DA GRACA                                            28620140                                                            000011
100000 000000000000 0009028130014967500000002510              0000000000000002510300000000002N           2  01000000251015021700000000337000000000012N020217000000000000000000000000000000010500000000000000000000000000000100012563432779GERUSA DA SILVA ROCHA                   SAO ROQUE                                           28623370                                                            000012
100000 000000000000 0009028130014967500000002522              0000000000000002522700000000002N           2  01000000252215021700000000337000000000012N020217000000000000000000000000000000010500000000000000000000000000000100012563432779GERUSA DA SILVA ROCHA                   SAO ROQUE                                           28623380                                                            000013
100000 000000000000 0009028130014967500000002582              0000000000000002582000000000002N           2  01000000258215021700000000337000000000012N020217000000000000000000000000000000008500000000000000000000000000000100012790154708TAMIRES MACEDO FERREIRA                 BAHIA                                               28623260                                                            000014
100000 000000000000 0009028130014967500000002642              0000000000000002642800000000002N           2  01000000264220021700000000337000000000012N060217000000000000000000000000000000008500000000000000000000000000000100012132894752MILLENE BERGAMO SIMAO                   SANTA CATARINA                                      28623335                                                            000015
9                                                                                                                                                                                                                                                                                                                                                                                                         000016
