01REMESSA01COBRANCA       00000000000004999512CENTRO EDUCACIONAL PONTO DE PA237BRADESCO       090217        MX0001016                                                                                                                                                                                                                                                                                     000001
100000 000000000000 0009028130014967500000002721              0000000000000002721100000000002N           2  01000000272110021700000000337000000000012N080217000000000000000000000000000000001300000000000000000000000000000100005727242762TATIANA BASTOS DA SILVA                 RAUL VEIGA                                          28623460                                                            000002
100000 000000000000 0009028130014967500000002732              0000000000000002732700000000002N           2  01000000273210021700000000447000000000012N080217000000000000000000000000000000004000000000000000000000000000000100013163867758GABRIELA SARDINHA MAROTTI               FULLY                                               28623780                                                            000003
9                                                                                                                                                                                                                                                                                                                                                                                                         000004
