01REMESSA01COBRANCA       00000000000004999512CENTRO EDUCACIONAL PONTO DE PA237BRADESCO       090117        MX0001006                                                                                                                                                                                                                                                                                     000001
100000 000000000000 0009028130014967500000002317              0000000000000002317800000000002N           2  01000000231710011700000000447000000000012N090117000000000000000000000000000000013500000000000000000000000000000100010622542796ALAN BARBOSA FIGUEIREDO                 FRANCOIS BUTTY                                      28623730                                                            000002
100000 000000000000 0009028130014967500000002341              0000000000000002341000000000002N           2  01000000234110011700000000447000000000012N090117000000000000000000000000000000004000000000000000000000000000000100010726979716ALCINEIA CIDINA DA COSTA DE OLIVEIRA    FRANCISCO NICOLAU                                   28620105                                                            000003
100000 000000000000 0009028130014967500000002353              0000000000000002353400000000002N           2  01000000235310011700000000337000000000012N090117000000000000000000000000000000008700000000000000000000000000000100014135541720ETUANE DE MATTOS FREITAS                EXPEDICIONARIO ANTONIO MORAIS                       28610000                                                            000004
100000 000000000000 0009028130014967500000002365              0000000000000002365800000000002N           2  01000000236510011700000000337000000000012N090117000000000000000000000000000000004000000000000000000000000000000100008675306776REGILANE DAS GRACAS PINTO               AMAPA                                               28620250                                                            000005
100000 000000000000 0009028130014967500000002318              0000000000000002318600000000002N           2  01000000231810021700000000447000000000012N090117000000000000000000000000000000013500000000000000000000000000000100010622542796ALAN BARBOSA FIGUEIREDO                 FRANCOIS BUTTY                                      28623730                                                            000006
100000 000000000000 0009028130014967500000002330              0000000000000002330500000000002N           2  01000000233010021700000000447000000000012N090117000000000000000000000000000000005000000000000000000000000000000100012590977735ANDREZA TORRES DOS SANTOS               FOLLY                                               28623780                                                            000007
100000 000000000000 0009028130014967500000002342              0000000000000002342900000000002N           2  01000000234210021700000000447000000000012N090117000000000000000000000000000000004000000000000000000000000000000100010726979716ALCINEIA CIDINA DA COSTA DE OLIVEIRA    FRANCISCO NICOLAU                                   28620105                                                            000008
100000 000000000000 0009028130014967500000002354              0000000000000002354200000000002N           2  01000000235410021700000000337000000000012N090117000000000000000000000000000000008700000000000000000000000000000100014135541720ETUANE DE MATTOS FREITAS                EXPEDICIONARIO ANTONIO MORAIS                       28610000                                                            000009
100000 000000000000 0009028130014967500000002366              0000000000000002366600000000002N           2  01000000236610021700000000337000000000012N090117000000000000000000000000000000004000000000000000000000000000000100008675306776REGILANE DAS GRACAS PINTO               AMAPA                                               28620250                                                            000010
100000 000000000000 0009028130014967500000002067              0000000000000002067500000000002N           2  01000000206710031700000000447000000000012N151216000000000000000000000000000000004000000000000000000000000000000100009075608730ALINE SIQUEIRA MARQUES                  MARIA DA GLORIA NENO                                28620150                                                            000011
100000 000000000000 0009028130014967500000002068              0000000000000002068300000000002N           2  01000000206810041700000000447000000000012N151216000000000000000000000000000000004000000000000000000000000000000100009075608730ALINE SIQUEIRA MARQUES                  MARIA DA GLORIA NENO                                28620150                                                            000012
100000 000000000000 0009028130014967500000002069              0000000000000002069100000000002N           2  01000000206910051700000000447000000000012N151216000000000000000000000000000000004000000000000000000000000000000100009075608730ALINE SIQUEIRA MARQUES                  MARIA DA GLORIA NENO                                28620150                                                            000013
100000 000000000000 0009028130014967500000002328              0000000000000002328300000000002N           2  01000000232810121700000000447000000000012N090117000000000000000000000000000000013500000000000000000000000000000100010622542796ALAN BARBOSA FIGUEIREDO                 FRANCOIS BUTTY                                      28623730                                                            000014
9                                                                                                                                                                                                                                                                                                                                                                                                         000015
