01REMESSA01COBRANCA       00000000000004999512CENTRO EDUCACIONAL PONTO DE PA237BRADESCO       100117        MX0001007                                                                                                                                                                                                                                                                                     000001
100000 000000000000 0009028130014967500000001237              0000000000000001237000000000002N           2  01000000123710011700000000337000000000012N131216000000000000000000000000000000004000000000000000000000000000000100002498290702MARCOS CESAR DE SOUZA MACEDO            ROMAO DE AGUILERA CAMPOS                            28620170                                                            000002
100000 000000000000 0009028130014967500000002401              0000000000000002401800000000002N           2  01000000240110011700000000447000000000012N100117000000000000000000000000000000006000000000000000000000000000000100003672036773RENATA EUGENIA CARDINOT GUILAND         JOSE RAMINELLI                                      28623540                                                            000003
100000 000000000000 0009028130014967500000001238              0000000000000001238900000000002N           2  01000000123810021700000000337000000000012N131216000000000000000000000000000000004000000000000000000000000000000100002498290702MARCOS CESAR DE SOUZA MACEDO            ROMAO DE AGUILERA CAMPOS                            28620170                                                            000004
100000 000000000000 0009028130014967500000002390              0000000000000002390900000000002N           2  01000000239010021700000000337000000000012N100117000000000000000000000000000000006000000000000000000000000000000100008578444744WELLINGTON MONTEIRO DE ANDRADE          AIMORES                                             28621250                                                            000005
100000 000000000000 0009028130014967500000002426              0000000000000002426300000000002N           2  01000000242610021700000000447000000000012N100117000000000000000000000000000000008400000000000000000000000000000100009693716752ANDREIA FARIAS                          GAGO COUTINHO                                       28620190                                                            000006
100000 000000000000 0009028130014967500000002338              0000000000000002338000000000002N           2  01000000233810101700000000447000000000012N090117000000000000000000000000000000005000000000000000000000000000000100012590977735ANDREZA TORRES DOS SANTOS               FOLLY                                               28623780                                                            000007
9                                                                                                                                                                                                                                                                                                                                                                                                         000008
