01REMESSA01COBRANCA       00000000000004999512CENTRO EDUCACIONAL PONTO DE PA237BRADESCO       100518        MX0000000                                                                                                                                                                                                                                                                                     000001
100000 000000000000 0009028130014967500000007102              0002030000000007102400000000002N           2  01000000710205051800000000005000000000012N100518000000000000000000000000000000000000000000000000000000000000000100014080928750JESSICA FERREIRA LOPES                  RAUL VEIGA                                          28623470                                                            000002
9                                                                                                                                                                                                                                                                                                                                                                                                         000003
