01REMESSA01COBRANCA       00000000000004999512CENTRO EDUCACIONAL PONTO DE PA237BRADESCO       110117        MX0001009                                                                                                                                                                                                                                                                                     000001
100000 000000000000 0009028130014967500000002449              0000000000000002449200000000002N           2  01000000244910011700000000447000000000012N110117000000000000000000000000000000004000000000000000000000000000000100009112767778LILIANE SILVA                           CAROLINA EMILIA DA CUNHA                            28621090                                                            000002
9                                                                                                                                                                                                                                                                                                                                                                                                         000003
