01REMESSA01COBRANCA       00000000000004999512CENTRO EDUCACIONAL PONTO DE PA237BRADESCO       191216        MX0001000                                                                                                                                                                                                                                                                                     000001
100000 000000000000 0009028130014967500000000001              0000000000000000001100000000002N           2  01000000000110011700000000337000000000012N091216000000000000000000000000000000004000000000000000000000000000000100009204945796MICHELE DA SILVA NEVES FERNANDES        MARIO ANTONIO THURLER                               28610000                                                            000002
100000 000000000000 0009028130014967500000000001              0000000000000000001100000000002N           2  01000000000110011700000000337000000000012N091216000000000000000000000000000000004000000000000000000000000000000100009204945796MICHELE DA SILVA NEVES FERNANDES        MARIO ANTONIO THURLER                               28610000                                                            000003
100000 000000000000 0009028130014967500000000001              0000000000000000001100000000002N           2  01000000000110011700000000337000000000012N091216000000000000000000000000000000004000000000000000000000000000000100009204945796MICHELE DA SILVA NEVES FERNANDES        MARIO ANTONIO THURLER                               28610000                                                            000004
100000 000000000000 0009028130014967500000000001              0000000000000000001100000000002N           2  01000000000110011700000000337000000000012N091216000000000000000000000000000000004000000000000000000000000000000100009204945796MICHELE DA SILVA NEVES FERNANDES        MARIO ANTONIO THURLER                               28610000                                                            000005
100000 000000000000 0009028130014967500000000001              0000000000000000001100000000002N           2  01000000000110011700000000337000000000012N091216000000000000000000000000000000004000000000000000000000000000000100009204945796MICHELE DA SILVA NEVES FERNANDES        MARIO ANTONIO THURLER                               28610000                                                            000006
100000 000000000000 0009028130014967500000000001              0000000000000000001100000000002N           2  01000000000110011700000000337000000000012N091216000000000000000000000000000000004000000000000000000000000000000100009204945796MICHELE DA SILVA NEVES FERNANDES        MARIO ANTONIO THURLER                               28610000                                                            000007
100000 000000000000 0009028130014967500000000001              0000000000000000001100000000002N           2  01000000000110011700000000337000000000012N091216000000000000000000000000000000004000000000000000000000000000000100009204945796MICHELE DA SILVA NEVES FERNANDES        MARIO ANTONIO THURLER                               28610000                                                            000008
100000 000000000000 0009028130014967500000000001              0000000000000000001100000000002N           2  01000000000110011700000000337000000000012N091216000000000000000000000000000000004000000000000000000000000000000100009204945796MICHELE DA SILVA NEVES FERNANDES        MARIO ANTONIO THURLER                               28610000                                                            000009
100000 000000000000 0009028130014967500000000001              0000000000000000001100000000002N           2  01000000000110011700000000337000000000012N091216000000000000000000000000000000004000000000000000000000000000000100009204945796MICHELE DA SILVA NEVES FERNANDES        MARIO ANTONIO THURLER                               28610000                                                            000010
100000 000000000000 0009028130014967500000000001              0000000000000000001100000000002N           2  01000000000110011700000000337000000000012N091216000000000000000000000000000000004000000000000000000000000000000100009204945796MICHELE DA SILVA NEVES FERNANDES        MARIO ANTONIO THURLER                               28610000                                                            000011
100000 000000000000 0009028130014967500000000001              0000000000000000001100000000002N           2  01000000000110011700000000337000000000012N091216000000000000000000000000000000004000000000000000000000000000000100009204945796MICHELE DA SILVA NEVES FERNANDES        MARIO ANTONIO THURLER                               28610000                                                            000012
100000 000000000000 0009028130014967500000000001              0000000000000000001100000000002N           2  01000000000110011700000000337000000000012N091216000000000000000000000000000000004000000000000000000000000000000100009204945796MICHELE DA SILVA NEVES FERNANDES        MARIO ANTONIO THURLER                               28610000                                                            000013
100000 000000000000 0009028130014967500000000001              0000000000000000001100000000002N           2  01000000000110011700000000337000000000012N091216000000000000000000000000000000004000000000000000000000000000000100009204945796MICHELE DA SILVA NEVES FERNANDES        MARIO ANTONIO THURLER                               28610000                                                            000014
100000 000000000000 0009028130014967500000000001              0000000000000000001100000000002N           2  01000000000110011700000000337000000000012N091216000000000000000000000000000000004000000000000000000000000000000100009204945796MICHELE DA SILVA NEVES FERNANDES        MARIO ANTONIO THURLER                               28610000                                                            000015
100000 000000000000 0009028130014967500000000001              0000000000000000001100000000002N           2  01000000000110011700000000337000000000012N091216000000000000000000000000000000004000000000000000000000000000000100009204945796MICHELE DA SILVA NEVES FERNANDES        MARIO ANTONIO THURLER                               28610000                                                            000016
100000 000000000000 0009028130014967500000000001              0000000000000000001100000000002N           2  01000000000110011700000000337000000000012N091216000000000000000000000000000000004000000000000000000000000000000100009204945796MICHELE DA SILVA NEVES FERNANDES        MARIO ANTONIO THURLER                               28610000                                                            000017
100000 000000000000 0009028130014967500000000001              0000000000000000001100000000002N           2  01000000000110011700000000337000000000012N091216000000000000000000000000000000004000000000000000000000000000000100009204945796MICHELE DA SILVA NEVES FERNANDES        MARIO ANTONIO THURLER                               28610000                                                            000018
100000 000000000000 0009028130014967500000000001              0000000000000000001100000000002N           2  01000000000110011700000000337000000000012N091216000000000000000000000000000000004000000000000000000000000000000100009204945796MICHELE DA SILVA NEVES FERNANDES        MARIO ANTONIO THURLER                               28610000                                                            000019
100000 000000000000 0009028130014967500000000001              0000000000000000001100000000002N           2  01000000000110011700000000337000000000012N091216000000000000000000000000000000004000000000000000000000000000000100009204945796MICHELE DA SILVA NEVES FERNANDES        MARIO ANTONIO THURLER                               28610000                                                            000020
100000 000000000000 0009028130014967500000000001              0000000000000000001100000000002N           2  01000000000110011700000000337000000000012N091216000000000000000000000000000000004000000000000000000000000000000100009204945796MICHELE DA SILVA NEVES FERNANDES        MARIO ANTONIO THURLER                               28610000                                                            000021
100000 000000000000 0009028130014967500000000001              0000000000000000001100000000002N           2  01000000000110011700000000337000000000012N091216000000000000000000000000000000004000000000000000000000000000000100009204945796MICHELE DA SILVA NEVES FERNANDES        MARIO ANTONIO THURLER                               28610000                                                            000022
100000 000000000000 0009028130014967500000000001              0000000000000000001100000000002N           2  01000000000110011700000000337000000000012N091216000000000000000000000000000000004000000000000000000000000000000100009204945796MICHELE DA SILVA NEVES FERNANDES        MARIO ANTONIO THURLER                               28610000                                                            000023
100000 000000000000 0009028130014967500000000001              0000000000000000001100000000002N           2  01000000000110011700000000337000000000012N091216000000000000000000000000000000004000000000000000000000000000000100009204945796MICHELE DA SILVA NEVES FERNANDES        MARIO ANTONIO THURLER                               28610000                                                            000024
100000 000000000000 0009028130014967500000000001              0000000000000000001100000000002N           2  01000000000110011700000000337000000000012N091216000000000000000000000000000000004000000000000000000000000000000100009204945796MICHELE DA SILVA NEVES FERNANDES        MARIO ANTONIO THURLER                               28610000                                                            000025
100000 000000000000 0009028130014967500000000001              0000000000000000001100000000002N           2  01000000000110011700000000337000000000012N091216000000000000000000000000000000004000000000000000000000000000000100009204945796MICHELE DA SILVA NEVES FERNANDES        MARIO ANTONIO THURLER                               28610000                                                            000026
100000 000000000000 0009028130014967500000000001              0000000000000000001100000000002N           2  01000000000110011700000000337000000000012N091216000000000000000000000000000000004000000000000000000000000000000100009204945796MICHELE DA SILVA NEVES FERNANDES        MARIO ANTONIO THURLER                               28610000                                                            000027
100000 000000000000 0009028130014967500000000001              0000000000000000001100000000002N           2  01000000000110011700000000337000000000012N091216000000000000000000000000000000004000000000000000000000000000000100009204945796MICHELE DA SILVA NEVES FERNANDES        MARIO ANTONIO THURLER                               28610000                                                            000028
100000 000000000000 0009028130014967500000000001              0000000000000000001100000000002N           2  01000000000110011700000000337000000000012N091216000000000000000000000000000000004000000000000000000000000000000100009204945796MICHELE DA SILVA NEVES FERNANDES        MARIO ANTONIO THURLER                               28610000                                                            000029
100000 000000000000 0009028130014967500000000001              0000000000000000001100000000002N           2  01000000000110011700000000337000000000012N091216000000000000000000000000000000004000000000000000000000000000000100009204945796MICHELE DA SILVA NEVES FERNANDES        MARIO ANTONIO THURLER                               28610000                                                            000030
100000 000000000000 0009028130014967500000000001              0000000000000000001100000000002N           2  01000000000110011700000000337000000000012N091216000000000000000000000000000000004000000000000000000000000000000100009204945796MICHELE DA SILVA NEVES FERNANDES        MARIO ANTONIO THURLER                               28610000                                                            000031
100000 000000000000 0009028130014967500000000001              0000000000000000001100000000002N           2  01000000000110011700000000337000000000012N091216000000000000000000000000000000004000000000000000000000000000000100009204945796MICHELE DA SILVA NEVES FERNANDES        MARIO ANTONIO THURLER                               28610000                                                            000032
100000 000000000000 0009028130014967500000000001              0000000000000000001100000000002N           2  01000000000110011700000000337000000000012N091216000000000000000000000000000000004000000000000000000000000000000100009204945796MICHELE DA SILVA NEVES FERNANDES        MARIO ANTONIO THURLER                               28610000                                                            000033
100000 000000000000 0009028130014967500000000001              0000000000000000001100000000002N           2  01000000000110011700000000337000000000012N091216000000000000000000000000000000004000000000000000000000000000000100009204945796MICHELE DA SILVA NEVES FERNANDES        MARIO ANTONIO THURLER                               28610000                                                            000034
100000 000000000000 0009028130014967500000000001              0000000000000000001100000000002N           2  01000000000110011700000000337000000000012N091216000000000000000000000000000000004000000000000000000000000000000100009204945796MICHELE DA SILVA NEVES FERNANDES        MARIO ANTONIO THURLER                               28610000                                                            000035
100000 000000000000 0009028130014967500000000001              0000000000000000001100000000002N           2  01000000000110011700000000337000000000012N091216000000000000000000000000000000004000000000000000000000000000000100009204945796MICHELE DA SILVA NEVES FERNANDES        MARIO ANTONIO THURLER                               28610000                                                            000036
100000 000000000000 0009028130014967500000000001              0000000000000000001100000000002N           2  01000000000110011700000000337000000000012N091216000000000000000000000000000000004000000000000000000000000000000100009204945796MICHELE DA SILVA NEVES FERNANDES        MARIO ANTONIO THURLER                               28610000                                                            000037
100000 000000000000 0009028130014967500000000001              0000000000000000001100000000002N           2  01000000000110011700000000337000000000012N091216000000000000000000000000000000004000000000000000000000000000000100009204945796MICHELE DA SILVA NEVES FERNANDES        MARIO ANTONIO THURLER                               28610000                                                            000038
100000 000000000000 0009028130014967500000000001              0000000000000000001100000000002N           2  01000000000110011700000000337000000000012N091216000000000000000000000000000000004000000000000000000000000000000100009204945796MICHELE DA SILVA NEVES FERNANDES        MARIO ANTONIO THURLER                               28610000                                                            000039
100000 000000000000 0009028130014967500000000001              0000000000000000001100000000002N           2  01000000000110011700000000337000000000012N091216000000000000000000000000000000004000000000000000000000000000000100009204945796MICHELE DA SILVA NEVES FERNANDES        MARIO ANTONIO THURLER                               28610000                                                            000040
100000 000000000000 0009028130014967500000000001              0000000000000000001100000000002N           2  01000000000110011700000000337000000000012N091216000000000000000000000000000000004000000000000000000000000000000100009204945796MICHELE DA SILVA NEVES FERNANDES        MARIO ANTONIO THURLER                               28610000                                                            000041
100000 000000000000 0009028130014967500000000001              0000000000000000001100000000002N           2  01000000000110011700000000337000000000012N091216000000000000000000000000000000004000000000000000000000000000000100009204945796MICHELE DA SILVA NEVES FERNANDES        MARIO ANTONIO THURLER                               28610000                                                            000042
100000 000000000000 0009028130014967500000000001              0000000000000000001100000000002N           2  01000000000110011700000000337000000000012N091216000000000000000000000000000000004000000000000000000000000000000100009204945796MICHELE DA SILVA NEVES FERNANDES        MARIO ANTONIO THURLER                               28610000                                                            000043
100000 000000000000 0009028130014967500000000001              0000000000000000001100000000002N           2  01000000000110011700000000337000000000012N091216000000000000000000000000000000004000000000000000000000000000000100009204945796MICHELE DA SILVA NEVES FERNANDES        MARIO ANTONIO THURLER                               28610000                                                            000044
100000 000000000000 0009028130014967500000000001              0000000000000000001100000000002N           2  01000000000110011700000000337000000000012N091216000000000000000000000000000000004000000000000000000000000000000100009204945796MICHELE DA SILVA NEVES FERNANDES        MARIO ANTONIO THURLER                               28610000                                                            000045
100000 000000000000 0009028130014967500000000001              0000000000000000001100000000002N           2  01000000000110011700000000337000000000012N091216000000000000000000000000000000004000000000000000000000000000000100009204945796MICHELE DA SILVA NEVES FERNANDES        MARIO ANTONIO THURLER                               28610000                                                            000046
100000 000000000000 0009028130014967500000000001              0000000000000000001100000000002N           2  01000000000110011700000000337000000000012N091216000000000000000000000000000000004000000000000000000000000000000100009204945796MICHELE DA SILVA NEVES FERNANDES        MARIO ANTONIO THURLER                               28610000                                                            000047
100000 000000000000 0009028130014967500000000001              0000000000000000001100000000002N           2  01000000000110011700000000337000000000012N091216000000000000000000000000000000004000000000000000000000000000000100009204945796MICHELE DA SILVA NEVES FERNANDES        MARIO ANTONIO THURLER                               28610000                                                            000048
100000 000000000000 0009028130014967500000000001              0000000000000000001100000000002N           2  01000000000110011700000000337000000000012N091216000000000000000000000000000000004000000000000000000000000000000100009204945796MICHELE DA SILVA NEVES FERNANDES        MARIO ANTONIO THURLER                               28610000                                                            000049
100000 000000000000 0009028130014967500000000001              0000000000000000001100000000002N           2  01000000000110011700000000337000000000012N091216000000000000000000000000000000004000000000000000000000000000000100009204945796MICHELE DA SILVA NEVES FERNANDES        MARIO ANTONIO THURLER                               28610000                                                            000050
100000 000000000000 0009028130014967500000000001              0000000000000000001100000000002N           2  01000000000110011700000000337000000000012N091216000000000000000000000000000000004000000000000000000000000000000100009204945796MICHELE DA SILVA NEVES FERNANDES        MARIO ANTONIO THURLER                               28610000                                                            000051
100000 000000000000 0009028130014967500000000001              0000000000000000001100000000002N           2  01000000000110011700000000337000000000012N091216000000000000000000000000000000004000000000000000000000000000000100009204945796MICHELE DA SILVA NEVES FERNANDES        MARIO ANTONIO THURLER                               28610000                                                            000052
100000 000000000000 0009028130014967500000000001              0000000000000000001100000000002N           2  01000000000110011700000000337000000000012N091216000000000000000000000000000000004000000000000000000000000000000100009204945796MICHELE DA SILVA NEVES FERNANDES        MARIO ANTONIO THURLER                               28610000                                                            000053
100000 000000000000 0009028130014967500000000001              0000000000000000001100000000002N           2  01000000000110011700000000337000000000012N091216000000000000000000000000000000004000000000000000000000000000000100009204945796MICHELE DA SILVA NEVES FERNANDES        MARIO ANTONIO THURLER                               28610000                                                            000054
100000 000000000000 0009028130014967500000000001              0000000000000000001100000000002N           2  01000000000110011700000000337000000000012N091216000000000000000000000000000000004000000000000000000000000000000100009204945796MICHELE DA SILVA NEVES FERNANDES        MARIO ANTONIO THURLER                               28610000                                                            000055
100000 000000000000 0009028130014967500000000001              0000000000000000001100000000002N           2  01000000000110011700000000337000000000012N091216000000000000000000000000000000004000000000000000000000000000000100009204945796MICHELE DA SILVA NEVES FERNANDES        MARIO ANTONIO THURLER                               28610000                                                            000056
100000 000000000000 0009028130014967500000000001              0000000000000000001100000000002N           2  01000000000110011700000000337000000000012N091216000000000000000000000000000000004000000000000000000000000000000100009204945796MICHELE DA SILVA NEVES FERNANDES        MARIO ANTONIO THURLER                               28610000                                                            000057
100000 000000000000 0009028130014967500000000001              0000000000000000001100000000002N           2  01000000000110011700000000337000000000012N091216000000000000000000000000000000004000000000000000000000000000000100009204945796MICHELE DA SILVA NEVES FERNANDES        MARIO ANTONIO THURLER                               28610000                                                            000058
100000 000000000000 0009028130014967500000000001              0000000000000000001100000000002N           2  01000000000110011700000000337000000000012N091216000000000000000000000000000000004000000000000000000000000000000100009204945796MICHELE DA SILVA NEVES FERNANDES        MARIO ANTONIO THURLER                               28610000                                                            000059
100000 000000000000 0009028130014967500000000001              0000000000000000001100000000002N           2  01000000000110011700000000337000000000012N091216000000000000000000000000000000004000000000000000000000000000000100009204945796MICHELE DA SILVA NEVES FERNANDES        MARIO ANTONIO THURLER                               28610000                                                            000060
100000 000000000000 0009028130014967500000000001              0000000000000000001100000000002N           2  01000000000110011700000000337000000000012N091216000000000000000000000000000000004000000000000000000000000000000100009204945796MICHELE DA SILVA NEVES FERNANDES        MARIO ANTONIO THURLER                               28610000                                                            000061
100000 000000000000 0009028130014967500000000001              0000000000000000001100000000002N           2  01000000000110011700000000337000000000012N091216000000000000000000000000000000004000000000000000000000000000000100009204945796MICHELE DA SILVA NEVES FERNANDES        MARIO ANTONIO THURLER                               28610000                                                            000062
100000 000000000000 0009028130014967500000000001              0000000000000000001100000000002N           2  01000000000110011700000000337000000000012N091216000000000000000000000000000000004000000000000000000000000000000100009204945796MICHELE DA SILVA NEVES FERNANDES        MARIO ANTONIO THURLER                               28610000                                                            000063
100000 000000000000 0009028130014967500000000001              0000000000000000001100000000002N           2  01000000000110011700000000337000000000012N091216000000000000000000000000000000004000000000000000000000000000000100009204945796MICHELE DA SILVA NEVES FERNANDES        MARIO ANTONIO THURLER                               28610000                                                            000064
100000 000000000000 0009028130014967500000000001              0000000000000000001100000000002N           2  01000000000110011700000000337000000000012N091216000000000000000000000000000000004000000000000000000000000000000100009204945796MICHELE DA SILVA NEVES FERNANDES        MARIO ANTONIO THURLER                               28610000                                                            000065
100000 000000000000 0009028130014967500000000001              0000000000000000001100000000002N           2  01000000000110011700000000337000000000012N091216000000000000000000000000000000004000000000000000000000000000000100009204945796MICHELE DA SILVA NEVES FERNANDES        MARIO ANTONIO THURLER                               28610000                                                            000066
100000 000000000000 0009028130014967500000000001              0000000000000000001100000000002N           2  01000000000110011700000000337000000000012N091216000000000000000000000000000000004000000000000000000000000000000100009204945796MICHELE DA SILVA NEVES FERNANDES        MARIO ANTONIO THURLER                               28610000                                                            000067
100000 000000000000 0009028130014967500000000001              0000000000000000001100000000002N           2  01000000000110011700000000337000000000012N091216000000000000000000000000000000004000000000000000000000000000000100009204945796MICHELE DA SILVA NEVES FERNANDES        MARIO ANTONIO THURLER                               28610000                                                            000068
100000 000000000000 0009028130014967500000000001              0000000000000000001100000000002N           2  01000000000110011700000000337000000000012N091216000000000000000000000000000000004000000000000000000000000000000100009204945796MICHELE DA SILVA NEVES FERNANDES        MARIO ANTONIO THURLER                               28610000                                                            000069
100000 000000000000 0009028130014967500000000001              0000000000000000001100000000002N           2  01000000000110011700000000337000000000012N091216000000000000000000000000000000004000000000000000000000000000000100009204945796MICHELE DA SILVA NEVES FERNANDES        MARIO ANTONIO THURLER                               28610000                                                            000070
100000 000000000000 0009028130014967500000000001              0000000000000000001100000000002N           2  01000000000110011700000000337000000000012N091216000000000000000000000000000000004000000000000000000000000000000100009204945796MICHELE DA SILVA NEVES FERNANDES        MARIO ANTONIO THURLER                               28610000                                                            000071
100000 000000000000 0009028130014967500000000001              0000000000000000001100000000002N           2  01000000000110011700000000337000000000012N091216000000000000000000000000000000004000000000000000000000000000000100009204945796MICHELE DA SILVA NEVES FERNANDES        MARIO ANTONIO THURLER                               28610000                                                            000072
100000 000000000000 0009028130014967500000000001              0000000000000000001100000000002N           2  01000000000110011700000000337000000000012N091216000000000000000000000000000000004000000000000000000000000000000100009204945796MICHELE DA SILVA NEVES FERNANDES        MARIO ANTONIO THURLER                               28610000                                                            000073
100000 000000000000 0009028130014967500000000001              0000000000000000001100000000002N           2  01000000000110011700000000337000000000012N091216000000000000000000000000000000004000000000000000000000000000000100009204945796MICHELE DA SILVA NEVES FERNANDES        MARIO ANTONIO THURLER                               28610000                                                            000074
100000 000000000000 0009028130014967500000000001              0000000000000000001100000000002N           2  01000000000110011700000000337000000000012N091216000000000000000000000000000000004000000000000000000000000000000100009204945796MICHELE DA SILVA NEVES FERNANDES        MARIO ANTONIO THURLER                               28610000                                                            000075
100000 000000000000 0009028130014967500000000001              0000000000000000001100000000002N           2  01000000000110011700000000337000000000012N091216000000000000000000000000000000004000000000000000000000000000000100009204945796MICHELE DA SILVA NEVES FERNANDES        MARIO ANTONIO THURLER                               28610000                                                            000076
100000 000000000000 0009028130014967500000000001              0000000000000000001100000000002N           2  01000000000110011700000000337000000000012N091216000000000000000000000000000000004000000000000000000000000000000100009204945796MICHELE DA SILVA NEVES FERNANDES        MARIO ANTONIO THURLER                               28610000                                                            000077
100000 000000000000 0009028130014967500000000001              0000000000000000001100000000002N           2  01000000000110011700000000337000000000012N091216000000000000000000000000000000004000000000000000000000000000000100009204945796MICHELE DA SILVA NEVES FERNANDES        MARIO ANTONIO THURLER                               28610000                                                            000078
100000 000000000000 0009028130014967500000000001              0000000000000000001100000000002N           2  01000000000110011700000000337000000000012N091216000000000000000000000000000000004000000000000000000000000000000100009204945796MICHELE DA SILVA NEVES FERNANDES        MARIO ANTONIO THURLER                               28610000                                                            000079
100000 000000000000 0009028130014967500000000001              0000000000000000001100000000002N           2  01000000000110011700000000337000000000012N091216000000000000000000000000000000004000000000000000000000000000000100009204945796MICHELE DA SILVA NEVES FERNANDES        MARIO ANTONIO THURLER                               28610000                                                            000080
100000 000000000000 0009028130014967500000000001              0000000000000000001100000000002N           2  01000000000110011700000000337000000000012N091216000000000000000000000000000000004000000000000000000000000000000100009204945796MICHELE DA SILVA NEVES FERNANDES        MARIO ANTONIO THURLER                               28610000                                                            000081
100000 000000000000 0009028130014967500000000001              0000000000000000001100000000002N           2  01000000000110011700000000337000000000012N091216000000000000000000000000000000004000000000000000000000000000000100009204945796MICHELE DA SILVA NEVES FERNANDES        MARIO ANTONIO THURLER                               28610000                                                            000082
100000 000000000000 0009028130014967500000000001              0000000000000000001100000000002N           2  01000000000110011700000000337000000000012N091216000000000000000000000000000000004000000000000000000000000000000100009204945796MICHELE DA SILVA NEVES FERNANDES        MARIO ANTONIO THURLER                               28610000                                                            000083
100000 000000000000 0009028130014967500000000001              0000000000000000001100000000002N           2  01000000000110011700000000337000000000012N091216000000000000000000000000000000004000000000000000000000000000000100009204945796MICHELE DA SILVA NEVES FERNANDES        MARIO ANTONIO THURLER                               28610000                                                            000084
100000 000000000000 0009028130014967500000000001              0000000000000000001100000000002N           2  01000000000110011700000000337000000000012N091216000000000000000000000000000000004000000000000000000000000000000100009204945796MICHELE DA SILVA NEVES FERNANDES        MARIO ANTONIO THURLER                               28610000                                                            000085
100000 000000000000 0009028130014967500000000001              0000000000000000001100000000002N           2  01000000000110011700000000337000000000012N091216000000000000000000000000000000004000000000000000000000000000000100009204945796MICHELE DA SILVA NEVES FERNANDES        MARIO ANTONIO THURLER                               28610000                                                            000086
100000 000000000000 0009028130014967500000000001              0000000000000000001100000000002N           2  01000000000110011700000000337000000000012N091216000000000000000000000000000000004000000000000000000000000000000100009204945796MICHELE DA SILVA NEVES FERNANDES        MARIO ANTONIO THURLER                               28610000                                                            000087
100000 000000000000 0009028130014967500000000001              0000000000000000001100000000002N           2  01000000000110011700000000337000000000012N091216000000000000000000000000000000004000000000000000000000000000000100009204945796MICHELE DA SILVA NEVES FERNANDES        MARIO ANTONIO THURLER                               28610000                                                            000088
100000 000000000000 0009028130014967500000000001              0000000000000000001100000000002N           2  01000000000110011700000000337000000000012N091216000000000000000000000000000000004000000000000000000000000000000100009204945796MICHELE DA SILVA NEVES FERNANDES        MARIO ANTONIO THURLER                               28610000                                                            000089
100000 000000000000 0009028130014967500000000001              0000000000000000001100000000002N           2  01000000000110011700000000337000000000012N091216000000000000000000000000000000004000000000000000000000000000000100009204945796MICHELE DA SILVA NEVES FERNANDES        MARIO ANTONIO THURLER                               28610000                                                            000090
100000 000000000000 0009028130014967500000000001              0000000000000000001100000000002N           2  01000000000110011700000000337000000000012N091216000000000000000000000000000000004000000000000000000000000000000100009204945796MICHELE DA SILVA NEVES FERNANDES        MARIO ANTONIO THURLER                               28610000                                                            000091
100000 000000000000 0009028130014967500000000001              0000000000000000001100000000002N           2  01000000000110011700000000337000000000012N091216000000000000000000000000000000004000000000000000000000000000000100009204945796MICHELE DA SILVA NEVES FERNANDES        MARIO ANTONIO THURLER                               28610000                                                            000092
100000 000000000000 0009028130014967500000000001              0000000000000000001100000000002N           2  01000000000110011700000000337000000000012N091216000000000000000000000000000000004000000000000000000000000000000100009204945796MICHELE DA SILVA NEVES FERNANDES        MARIO ANTONIO THURLER                               28610000                                                            000093
100000 000000000000 0009028130014967500000000001              0000000000000000001100000000002N           2  01000000000110011700000000337000000000012N091216000000000000000000000000000000004000000000000000000000000000000100009204945796MICHELE DA SILVA NEVES FERNANDES        MARIO ANTONIO THURLER                               28610000                                                            000094
100000 000000000000 0009028130014967500000000001              0000000000000000001100000000002N           2  01000000000110011700000000337000000000012N091216000000000000000000000000000000004000000000000000000000000000000100009204945796MICHELE DA SILVA NEVES FERNANDES        MARIO ANTONIO THURLER                               28610000                                                            000095
100000 000000000000 0009028130014967500000000001              0000000000000000001100000000002N           2  01000000000110011700000000337000000000012N091216000000000000000000000000000000004000000000000000000000000000000100009204945796MICHELE DA SILVA NEVES FERNANDES        MARIO ANTONIO THURLER                               28610000                                                            000096
100000 000000000000 0009028130014967500000000001              0000000000000000001100000000002N           2  01000000000110011700000000337000000000012N091216000000000000000000000000000000004000000000000000000000000000000100009204945796MICHELE DA SILVA NEVES FERNANDES        MARIO ANTONIO THURLER                               28610000                                                            000097
100000 000000000000 0009028130014967500000000001              0000000000000000001100000000002N           2  01000000000110011700000000337000000000012N091216000000000000000000000000000000004000000000000000000000000000000100009204945796MICHELE DA SILVA NEVES FERNANDES        MARIO ANTONIO THURLER                               28610000                                                            000098
100000 000000000000 0009028130014967500000000001              0000000000000000001100000000002N           2  01000000000110011700000000337000000000012N091216000000000000000000000000000000004000000000000000000000000000000100009204945796MICHELE DA SILVA NEVES FERNANDES        MARIO ANTONIO THURLER                               28610000                                                            000099
100000 000000000000 0009028130014967500000000001              0000000000000000001100000000002N           2  01000000000110011700000000337000000000012N091216000000000000000000000000000000004000000000000000000000000000000100009204945796MICHELE DA SILVA NEVES FERNANDES        MARIO ANTONIO THURLER                               28610000                                                            000100
100000 000000000000 0009028130014967500000000001              0000000000000000001100000000002N           2  01000000000110011700000000337000000000012N091216000000000000000000000000000000004000000000000000000000000000000100009204945796MICHELE DA SILVA NEVES FERNANDES        MARIO ANTONIO THURLER                               28610000                                                            000101
100000 000000000000 0009028130014967500000000001              0000000000000000001100000000002N           2  01000000000110011700000000337000000000012N091216000000000000000000000000000000004000000000000000000000000000000100009204945796MICHELE DA SILVA NEVES FERNANDES        MARIO ANTONIO THURLER                               28610000                                                            000102
100000 000000000000 0009028130014967500000000001              0000000000000000001100000000002N           2  01000000000110011700000000337000000000012N091216000000000000000000000000000000004000000000000000000000000000000100009204945796MICHELE DA SILVA NEVES FERNANDES        MARIO ANTONIO THURLER                               28610000                                                            000103
100000 000000000000 0009028130014967500000000001              0000000000000000001100000000002N           2  01000000000110011700000000337000000000012N091216000000000000000000000000000000004000000000000000000000000000000100009204945796MICHELE DA SILVA NEVES FERNANDES        MARIO ANTONIO THURLER                               28610000                                                            000104
100000 000000000000 0009028130014967500000000001              0000000000000000001100000000002N           2  01000000000110011700000000337000000000012N091216000000000000000000000000000000004000000000000000000000000000000100009204945796MICHELE DA SILVA NEVES FERNANDES        MARIO ANTONIO THURLER                               28610000                                                            000105
100000 000000000000 0009028130014967500000000001              0000000000000000001100000000002N           2  01000000000110011700000000337000000000012N091216000000000000000000000000000000004000000000000000000000000000000100009204945796MICHELE DA SILVA NEVES FERNANDES        MARIO ANTONIO THURLER                               28610000                                                            000106
100000 000000000000 0009028130014967500000000001              0000000000000000001100000000002N           2  01000000000110011700000000337000000000012N091216000000000000000000000000000000004000000000000000000000000000000100009204945796MICHELE DA SILVA NEVES FERNANDES        MARIO ANTONIO THURLER                               28610000                                                            000107
100000 000000000000 0009028130014967500000000001              0000000000000000001100000000002N           2  01000000000110011700000000337000000000012N091216000000000000000000000000000000004000000000000000000000000000000100009204945796MICHELE DA SILVA NEVES FERNANDES        MARIO ANTONIO THURLER                               28610000                                                            000108
100000 000000000000 0009028130014967500000000001              0000000000000000001100000000002N           2  01000000000110011700000000337000000000012N091216000000000000000000000000000000004000000000000000000000000000000100009204945796MICHELE DA SILVA NEVES FERNANDES        MARIO ANTONIO THURLER                               28610000                                                            000109
100000 000000000000 0009028130014967500000000001              0000000000000000001100000000002N           2  01000000000110011700000000337000000000012N091216000000000000000000000000000000004000000000000000000000000000000100009204945796MICHELE DA SILVA NEVES FERNANDES        MARIO ANTONIO THURLER                               28610000                                                            000110
100000 000000000000 0009028130014967500000000001              0000000000000000001100000000002N           2  01000000000110011700000000337000000000012N091216000000000000000000000000000000004000000000000000000000000000000100009204945796MICHELE DA SILVA NEVES FERNANDES        MARIO ANTONIO THURLER                               28610000                                                            000111
100000 000000000000 0009028130014967500000000001              0000000000000000001100000000002N           2  01000000000110011700000000337000000000012N091216000000000000000000000000000000004000000000000000000000000000000100009204945796MICHELE DA SILVA NEVES FERNANDES        MARIO ANTONIO THURLER                               28610000                                                            000112
100000 000000000000 0009028130014967500000000001              0000000000000000001100000000002N           2  01000000000110011700000000337000000000012N091216000000000000000000000000000000004000000000000000000000000000000100009204945796MICHELE DA SILVA NEVES FERNANDES        MARIO ANTONIO THURLER                               28610000                                                            000113
100000 000000000000 0009028130014967500000000001              0000000000000000001100000000002N           2  01000000000110011700000000337000000000012N091216000000000000000000000000000000004000000000000000000000000000000100009204945796MICHELE DA SILVA NEVES FERNANDES        MARIO ANTONIO THURLER                               28610000                                                            000114
100000 000000000000 0009028130014967500000000001              0000000000000000001100000000002N           2  01000000000110011700000000337000000000012N091216000000000000000000000000000000004000000000000000000000000000000100009204945796MICHELE DA SILVA NEVES FERNANDES        MARIO ANTONIO THURLER                               28610000                                                            000115
100000 000000000000 0009028130014967500000000001              0000000000000000001100000000002N           2  01000000000110011700000000337000000000012N091216000000000000000000000000000000004000000000000000000000000000000100009204945796MICHELE DA SILVA NEVES FERNANDES        MARIO ANTONIO THURLER                               28610000                                                            000116
100000 000000000000 0009028130014967500000000001              0000000000000000001100000000002N           2  01000000000110011700000000337000000000012N091216000000000000000000000000000000004000000000000000000000000000000100009204945796MICHELE DA SILVA NEVES FERNANDES        MARIO ANTONIO THURLER                               28610000                                                            000117
100000 000000000000 0009028130014967500000000001              0000000000000000001100000000002N           2  01000000000110011700000000337000000000012N091216000000000000000000000000000000004000000000000000000000000000000100009204945796MICHELE DA SILVA NEVES FERNANDES        MARIO ANTONIO THURLER                               28610000                                                            000118
100000 000000000000 0009028130014967500000000001              0000000000000000001100000000002N           2  01000000000110011700000000337000000000012N091216000000000000000000000000000000004000000000000000000000000000000100009204945796MICHELE DA SILVA NEVES FERNANDES        MARIO ANTONIO THURLER                               28610000                                                            000119
100000 000000000000 0009028130014967500000000001              0000000000000000001100000000002N           2  01000000000110011700000000337000000000012N091216000000000000000000000000000000004000000000000000000000000000000100009204945796MICHELE DA SILVA NEVES FERNANDES        MARIO ANTONIO THURLER                               28610000                                                            000120
100000 000000000000 0009028130014967500000000001              0000000000000000001100000000002N           2  01000000000110011700000000337000000000012N091216000000000000000000000000000000004000000000000000000000000000000100009204945796MICHELE DA SILVA NEVES FERNANDES        MARIO ANTONIO THURLER                               28610000                                                            000121
100000 000000000000 0009028130014967500000000001              0000000000000000001100000000002N           2  01000000000110011700000000337000000000012N091216000000000000000000000000000000004000000000000000000000000000000100009204945796MICHELE DA SILVA NEVES FERNANDES        MARIO ANTONIO THURLER                               28610000                                                            000122
100000 000000000000 0009028130014967500000000001              0000000000000000001100000000002N           2  01000000000110011700000000337000000000012N091216000000000000000000000000000000004000000000000000000000000000000100009204945796MICHELE DA SILVA NEVES FERNANDES        MARIO ANTONIO THURLER                               28610000                                                            000123
100000 000000000000 0009028130014967500000000001              0000000000000000001100000000002N           2  01000000000110011700000000337000000000012N091216000000000000000000000000000000004000000000000000000000000000000100009204945796MICHELE DA SILVA NEVES FERNANDES        MARIO ANTONIO THURLER                               28610000                                                            000124
100000 000000000000 0009028130014967500000000001              0000000000000000001100000000002N           2  01000000000110011700000000337000000000012N091216000000000000000000000000000000004000000000000000000000000000000100009204945796MICHELE DA SILVA NEVES FERNANDES        MARIO ANTONIO THURLER                               28610000                                                            000125
100000 000000000000 0009028130014967500000000001              0000000000000000001100000000002N           2  01000000000110011700000000337000000000012N091216000000000000000000000000000000004000000000000000000000000000000100009204945796MICHELE DA SILVA NEVES FERNANDES        MARIO ANTONIO THURLER                               28610000                                                            000126
100000 000000000000 0009028130014967500000000001              0000000000000000001100000000002N           2  01000000000110011700000000337000000000012N091216000000000000000000000000000000004000000000000000000000000000000100009204945796MICHELE DA SILVA NEVES FERNANDES        MARIO ANTONIO THURLER                               28610000                                                            000127
100000 000000000000 0009028130014967500000000001              0000000000000000001100000000002N           2  01000000000110011700000000337000000000012N091216000000000000000000000000000000004000000000000000000000000000000100009204945796MICHELE DA SILVA NEVES FERNANDES        MARIO ANTONIO THURLER                               28610000                                                            000128
100000 000000000000 0009028130014967500000000001              0000000000000000001100000000002N           2  01000000000110011700000000337000000000012N091216000000000000000000000000000000004000000000000000000000000000000100009204945796MICHELE DA SILVA NEVES FERNANDES        MARIO ANTONIO THURLER                               28610000                                                            000129
100000 000000000000 0009028130014967500000000001              0000000000000000001100000000002N           2  01000000000110011700000000337000000000012N091216000000000000000000000000000000004000000000000000000000000000000100009204945796MICHELE DA SILVA NEVES FERNANDES        MARIO ANTONIO THURLER                               28610000                                                            000130
100000 000000000000 0009028130014967500000000001              0000000000000000001100000000002N           2  01000000000110011700000000337000000000012N091216000000000000000000000000000000004000000000000000000000000000000100009204945796MICHELE DA SILVA NEVES FERNANDES        MARIO ANTONIO THURLER                               28610000                                                            000131
100000 000000000000 0009028130014967500000000001              0000000000000000001100000000002N           2  01000000000110011700000000337000000000012N091216000000000000000000000000000000004000000000000000000000000000000100009204945796MICHELE DA SILVA NEVES FERNANDES        MARIO ANTONIO THURLER                               28610000                                                            000132
100000 000000000000 0009028130014967500000000001              0000000000000000001100000000002N           2  01000000000110011700000000337000000000012N091216000000000000000000000000000000004000000000000000000000000000000100009204945796MICHELE DA SILVA NEVES FERNANDES        MARIO ANTONIO THURLER                               28610000                                                            000133
100000 000000000000 0009028130014967500000000001              0000000000000000001100000000002N           2  01000000000110011700000000337000000000012N091216000000000000000000000000000000004000000000000000000000000000000100009204945796MICHELE DA SILVA NEVES FERNANDES        MARIO ANTONIO THURLER                               28610000                                                            000134
100000 000000000000 0009028130014967500000000001              0000000000000000001100000000002N           2  01000000000110011700000000337000000000012N091216000000000000000000000000000000004000000000000000000000000000000100009204945796MICHELE DA SILVA NEVES FERNANDES        MARIO ANTONIO THURLER                               28610000                                                            000135
100000 000000000000 0009028130014967500000000001              0000000000000000001100000000002N           2  01000000000110011700000000337000000000012N091216000000000000000000000000000000004000000000000000000000000000000100009204945796MICHELE DA SILVA NEVES FERNANDES        MARIO ANTONIO THURLER                               28610000                                                            000136
100000 000000000000 0009028130014967500000000001              0000000000000000001100000000002N           2  01000000000110011700000000337000000000012N091216000000000000000000000000000000004000000000000000000000000000000100009204945796MICHELE DA SILVA NEVES FERNANDES        MARIO ANTONIO THURLER                               28610000                                                            000137
100000 000000000000 0009028130014967500000000001              0000000000000000001100000000002N           2  01000000000110011700000000337000000000012N091216000000000000000000000000000000004000000000000000000000000000000100009204945796MICHELE DA SILVA NEVES FERNANDES        MARIO ANTONIO THURLER                               28610000                                                            000138
100000 000000000000 0009028130014967500000000001              0000000000000000001100000000002N           2  01000000000110011700000000337000000000012N091216000000000000000000000000000000004000000000000000000000000000000100009204945796MICHELE DA SILVA NEVES FERNANDES        MARIO ANTONIO THURLER                               28610000                                                            000139
100000 000000000000 0009028130014967500000000001              0000000000000000001100000000002N           2  01000000000110011700000000337000000000012N091216000000000000000000000000000000004000000000000000000000000000000100009204945796MICHELE DA SILVA NEVES FERNANDES        MARIO ANTONIO THURLER                               28610000                                                            000140
100000 000000000000 0009028130014967500000000001              0000000000000000001100000000002N           2  01000000000110011700000000337000000000012N091216000000000000000000000000000000004000000000000000000000000000000100009204945796MICHELE DA SILVA NEVES FERNANDES        MARIO ANTONIO THURLER                               28610000                                                            000141
100000 000000000000 0009028130014967500000000001              0000000000000000001100000000002N           2  01000000000110011700000000337000000000012N091216000000000000000000000000000000004000000000000000000000000000000100009204945796MICHELE DA SILVA NEVES FERNANDES        MARIO ANTONIO THURLER                               28610000                                                            000142
100000 000000000000 0009028130014967500000000001              0000000000000000001100000000002N           2  01000000000110011700000000337000000000012N091216000000000000000000000000000000004000000000000000000000000000000100009204945796MICHELE DA SILVA NEVES FERNANDES        MARIO ANTONIO THURLER                               28610000                                                            000143
100000 000000000000 0009028130014967500000000001              0000000000000000001100000000002N           2  01000000000110011700000000337000000000012N091216000000000000000000000000000000004000000000000000000000000000000100009204945796MICHELE DA SILVA NEVES FERNANDES        MARIO ANTONIO THURLER                               28610000                                                            000144
9                                                                                                                                                                                                                                                                                                                                                                                                         000145
