01REMESSA01COBRANCA       00000000000004999512CENTRO EDUCACIONAL PONTO DE PA237BRADESCO       211216        MX0001000                                                                                                                                                                                                                                                                                     000001
100000 000000000000 0009028130014967500000002210              0000000000000002210400000000002N           2  01000000221010021700000000447000000000012N201216000000000000000000000000000000004000000000000000000000000000000100016019521710CARLOS VICIUS ARAUJO BASTOS             ARACI DA SILVA CARVALHO                             28623420                                                            000002
100000 000000000000 0009028130014967500000002210              0000000000000002210400000000002N           2  01000000221010021700000000447000000000012N201216000000000000000000000000000000004000000000000000000000000000000100016019521710CARLOS VICIUS ARAUJO BASTOS             ARACI DA SILVA CARVALHO                             28623420                                                            000003
100000 000000000000 0009028130014967500000002210              0000000000000002210400000000002N           2  01000000221010021700000000447000000000012N201216000000000000000000000000000000004000000000000000000000000000000100016019521710CARLOS VICIUS ARAUJO BASTOS             ARACI DA SILVA CARVALHO                             28623420                                                            000004
100000 000000000000 0009028130014967500000002210              0000000000000002210400000000002N           2  01000000221010021700000000447000000000012N201216000000000000000000000000000000004000000000000000000000000000000100016019521710CARLOS VICIUS ARAUJO BASTOS             ARACI DA SILVA CARVALHO                             28623420                                                            000005
100000 000000000000 0009028130014967500000002210              0000000000000002210400000000002N           2  01000000221010021700000000447000000000012N201216000000000000000000000000000000004000000000000000000000000000000100016019521710CARLOS VICIUS ARAUJO BASTOS             ARACI DA SILVA CARVALHO                             28623420                                                            000006
100000 000000000000 0009028130014967500000002210              0000000000000002210400000000002N           2  01000000221010021700000000447000000000012N201216000000000000000000000000000000004000000000000000000000000000000100016019521710CARLOS VICIUS ARAUJO BASTOS             ARACI DA SILVA CARVALHO                             28623420                                                            000007
100000 000000000000 0009028130014967500000002210              0000000000000002210400000000002N           2  01000000221010021700000000447000000000012N201216000000000000000000000000000000004000000000000000000000000000000100016019521710CARLOS VICIUS ARAUJO BASTOS             ARACI DA SILVA CARVALHO                             28623420                                                            000008
9                                                                                                                                                                                                                                                                                                                                                                                                         000009
