01REMESSA01COBRANCA       00000000000004999512CENTRO EDUCACIONAL PONTO DE PA237BRADESCO       221216        MX0001002                                                                                                                                                                                                                                                                                     000001
100000 000000000000 0009028130014967500000000002              0000000000000000002P00000000002N           2  01000000000210021700000000337000000000012N091216000000000000000000000000000000004000000000000000000000000000000100009204945796MICHELE DA SILVA NEVES FERNANDES        MARIO ANTONIO THURLER                               28610000                                                            000002
100000 000000000000 0009028130014967500000000014              0000000000000000014300000000002N           2  01000000001410021700000000447000000000012N121216000000000000000000000000000000004000000000000000000000000000000100010788819798RAPHAELLA MARTINS TOLEDO                MANLIO DE ARAUJO SILVA                              28600000                                                            000003
100000 000000000000 0009028130014967500000000026              0000000000000000026700000000002N           2  01000000002610021700000000447000000000012N121216000000000000000000000000000000006000000000000000000000000000000100006385611752LILIANE FREIMAN CORDEIRO                PARANA                                              28623190                                                            000004
100000 000000000000 0009028130014967500000000038              0000000000000000038000000000002N           2  01000000003810021700000000447000000000012N121216000000000000000000000000000000004000000000000000000000000000000100005303426777YULA CARVALHO DOS SANTOS                WILTON CAETANO PIRAZZO                              28610000                                                            000005
100000 000000000000 0009028130014967500000000050              0000000000000000050P00000000002N           2  01000000005010021700000000337000000000012N121216000000000000000000000000000000003000000000000000000000000000000100010130699780MARIA HELENA PACANHOS GUZZO             JULIO ANTONIO THURLER                               28620000                                                            000006
100000 000000000000 0009028130014967500000000062              0000000000000000062300000000002N           2  01000000006210021700000000337000000000012N121216000000000000000000000000000000010700000000000000000000000000000100009988250770VANESSA LIMA DE OLIVEIRA                SAO ROQUE                                           28623370                                                            000007
100000 000000000000 0009028130014967500000000074              0000000000000000074700000000002N           2  01000000007410021700000000337000000000012N121216000000000000000000000000000000011500000000000000000000000000000100005717484739RENATA JARDIM ROCHA DE MELLO            JARDIM ROCHA DE MELLO                               28623670                                                            000008
100000 000000000000 0009028130014967500000000086              0000000000000000086000000000002N           2  01000000008610021700000000337000000000012N121216000000000000000000000000000000007000000000000000000000000000000100012393629785GRAZIELE DA SILVA NASCIMENTO            MARIA DA GLORIA NENO                                28620150                                                            000009
100000 000000000000 0009028130014967500000000098              0000000000000000098400000000002N           2  01000000009810021700000000447000000000012N121216000000000000000000000000000000004000000000000000000000000000000100002632142733SIMONE SANGLARD BOHER                   SANTANA                                             28623190                                                            000010
100000 000000000000 0009028130014967500000000110              0000000000000000110700000000002N           2  01000000011010021700000000447000000000012N121216000000000000000000000000000000004000000000000000000000000000000100002630345777VIVIANE DOS SANTOS DUARTE               ACUCENA                                             02860000                                                            000011
100000 000000000000 0009028130014967500000000134              0000000000000000134400000000002N           2  01000000013410021700000000447000000000012N121216000000000000000000000000000000004000000000000000000000000000000100011581080794MARCOS ALEXANDRE DA CAMARA              SAO JOAO DE MERITI                                  28623750                                                            000012
100000 000000000000 0009028130014967500000000146              0000000000000000146800000000002N           2  01000000014610021700000000337000000000012N121216000000000000000000000000000000005500000000000000000000000000000100007965086743PRISCYLA PALOMO MORENO SERAFIM          MANOEL DUARTE                                       28623510                                                            000013
100000 000000000000 0009028130014967500000000170              0000000000000000170000000000002N           2  01000000017010021700000000337000000000012N121216000000000000000000000000000000005000000000000000000000000000000100014080928750JESSICA FERREIRA LOPES                  RAUL VEIGA                                          28623470                                                            000014
100000 000000000000 0009028130014967500000000182              0000000000000000182400000000002N           2  01000000018210021700000000447000000000012N121216000000000000000000000000000000008000000000000000000000000000000100008446524740TATIANA PACHECO SILVA VALERIANO         JOAQUIM ANTUNES                                     28623770                                                            000015
100000 000000000000 0009028130014967500000000194              0000000000000000194800000000002N           2  01000000019410021700000000447000000000012N121216000000000000000000000000000000004000000000000000000000000000000100020015278883MARIA APARECIDA DA SILVA                GASPAR MEYER                                        28610000                                                            000016
100000 000000000000 0009028130014967500000000218              0000000000000000218900000000002N           2  01000000021810021700000000337000000000012N121216000000000000000000000000000000005700000000000000000000000000000100015543743750NAIANE DE SOUZA KNUPP SILVA VIGANT      GENECILLO LUCIANO BORGES                            28610000                                                            000017
100000 000000000000 0009028130014967500000000230              0000000000000000230800000000002N           2  01000000023010021700000000337000000000012N121216000000000000000000000000000000008500000000000000000000000000000100002963185740IONAH LUCIA CHADER DE MORAES            BAHIA                                               28623260                                                            000018
100000 000000000000 0009028130014967500000000242              0000000000000000242100000000002N           2  01000000024210021700000000447000000000012N121216000000000000000000000000000000006000000000000000000000000000000100013982238757SAMARYS CHRISTINE AZEVEDO DE OLIVEIRA   MANOEL LOURENCO SOBRINHO                            28623440                                                            000019
100000 000000000000 0009028130014967500000000254              0000000000000000254500000000002N           2  01000000025410021700000000447000000000012N121216000000000000000000000000000000004000000000000000000000000000000100008314119709SAULO DA CRUZ FERREIRA                                                                      28630640                                                            000020
100000 000000000000 0009028130014967500000000266              0000000000000000266900000000002N           2  01000000026610021700000000447000000000012N121216000000000000000000000000000000006000000000000000000000000000000100014260391747PATRICIA BARROSO MUNHOES                116-KM65                                            28615065                                                            000021
100000 000000000000 0009028130014967500000000278              0000000000000000278200000000002N           2  01000000027810021700000000337000000000012N121216000000000000000000000000000000006000000000000000000000000000000100009977679797ALEXANDRA LAMBLET SANCHES DA SILVA      MANLIO DE ARAUJO SILVAS                             28623505                                                            000022
100000 000000000000 0009028130014967500000000302              0000000000000000302900000000002N           2  01000000030210021700000000337000000000012N121216000000000000000000000000000000008700000000000000000000000000000100014135541720ETUANE DE MATTOS FREITAS                EXPEDICIONARIO ANTONIO MORAIS                       28610000                                                            000023
100000 000000000000 0009028130014967500000000326              0000000000000000326600000000002N           2  01000000032610021700000000337000000000012N121216000000000000000000000000000000010700000000000000000000000000000100009744348763ANA PAULA BARBOSA POLONIO               JACINTO JOAQUIM PEREIRA                             28623685                                                            000024
100000 000000000000 0009028130014967500000000350              0000000000000000350900000000002N           2  01000000035010021700000000447000000000012N131216000000000000000000000000000000008500000000000000000000000000000100007583405750MARIA DE FATIMA CHABOUDT GARCIA         ISMERIA DE CARVALHO PIRES DE MORAES                 28635230                                                            000025
100000 000000000000 0009028130014967500000000362              0000000000000000362200000000002N           2  01000000036210021700000000337000000000012N131216000000000000000000000000000000006000000000000000000000000000000100001912758750TEREZINHA ELIDIA DA SILVA               PRESIDENTE RAUL VEIGA                               28623460                                                            000026
100000 000000000000 0009028130014967500000000374              0000000000000000374600000000002N           2  01000000037410021700000000337000000000012N131216000000000000000000000000000000011500000000000000000000000000000100005717484739RENATA JARDIM ROCHA DE MELLO            JOAQUIM MOREIRA PINTO                               28623670                                                            000027
100000 000000000000 0009028130014967500000000398              0000000000000000398300000000002N           2  01000000039810021700000000337000000000012N131216000000000000000000000000000000010500000000000000000000000000000100007355183788SILVIA DUARTE DANIEL                    ELISA FERNANDES                                     28623430                                                            000028
100000 000000000000 0009028130014967500000000410              0000000000000000410600000000002N           2  01000000041010021700000000337000000000012N131216000000000000000000000000000000010700000000000000000000000000000100009697123756EDILAMAR FEU                            FRANCISCO NICOLAU                                   28620105                                                            000029
100000 000000000000 0009028130014967500000000434              0000000000000000434300000000002N           2  01000000043410021700000000337000000000012N131216000000000000000000000000000000008500000000000000000000000000000100010891520783ANA PAULA FERREIRA GOMES                MANOEL LOURENCO SOBRINHO                            28623440                                                            000030
100000 000000000000 0009028130014967500000000458              0000000000000000458000000000002N           2  01000000045810021700000000337000000000012N131216000000000000000000000000000000008000000000000000000000000000000100009940004877RODRIGO FERREIRA DE CARVALHO            BAHIA                                               28623260                                                            000031
100000 000000000000 0009028130014967500000000470              0000000000000000470P00000000002N           2  01000000047010021700000000447000000000012N131216000000000000000000000000000000004000000000000000000000000000000100010499307704ANDRE DE OLIVEIRA PINTO                 MARIA D ANGELO MGLIANO                              28620070                                                            000032
100000 000000000000 0009028130014967500000000482              0000000000000000482300000000002N           2  01000000048210021700000000447000000000012N131216000000000000000000000000000000004000000000000000000000000000000100005455817612VIVIAN KLEI MOTTA                       PRESIDENTE VARGAS                                   02862300                                                            000033
100000 000000000000 0009028130014967500000000506              0000000000000000506400000000002N           2  01000000050610021700000000337000000000012N131216000000000000000000000000000000011700000000000000000000000000000100002935663721ANGELITA CHERMONT DE CARVALHO RODRIGUES AUGUSTO NICOLAU                                     28623420                                                            000034
100000 000000000000 0009028130014967500000000518              0000000000000000518800000000002N           2  01000000051810021700000000337000000000012N131216000000000000000000000000000000008500000000000000000000000000000100083183329700VERUTE FLORES DA COSTA                  JOSE RAMINELI                                       28623640                                                            000035
100000 000000000000 0009028130014967500000000530              0000000000000000530700000000002N           2  01000000053010021700000000337000000000012N131216000000000000000000000000000000008500000000000000000000000000000100051440520704MARINA CATARCIONE DE ARAUJO             SAO JOSE                                            28613360                                                            000036
100000 000000000000 0009028130014967500000000542              0000000000000000542000000000002N           2  01000000054210021700000000447000000000012N131216000000000000000000000000000000006000000000000000000000000000000100001025285786IVONETE DA SILVA CALDAS                 MARIA DA GLORIA NENO                                28610000                                                            000037
100000 000000000000 0009028130014967500000000554              0000000000000000554400000000002N           2  01000000055410021700000000337000000000012N131216000000000000000000000000000000008500000000000000000000000000000100007655553775THOPSON CARDINOT JESUS                  PIAUI                                               28623310                                                            000038
100000 000000000000 0009028130014967500000000566              0000000000000000566800000000002N           2  01000000056610021700000000337000000000012N131216000000000000000000000000000000008500000000000000000000000000000100007820503793ANEZIA DOS ANJOS SILVA COELHO           JULIA IRENE GOMES DE ANDRADE                        28623420                                                            000039
100000 000000000000 0009028130014967500000000578              0000000000000000578100000000002N           2  01000000057810021700000000447000000000012N131216000000000000000000000000000000005000000000000000000000000000000100008675306776REGILANE DAS GRACAS PINTO               AMAPA                                               28620250                                                            000040
100000 000000000000 0009028130014967500000000590              0000000000000000590000000000002N           2  01000000059010021700000000447000000000012N131216000000000000000000000000000000008500000000000000000000000000000100004798745731CARLA GOMES DA SILVA FERNADES           RAUL VEIGA                                          28623460                                                            000041
100000 000000000000 0009028130014967500000000602              0000000000000000602800000000002N           2  01000000060210021700000000337000000000012N131216000000000000000000000000000000008500000000000000000000000000000100002976278725ROSILENE QUEIROZ                        MARIA DA GLORIA NENO                                28620150                                                            000042
100000 000000000000 0009028130014967500000000662              0000000000000000662100000000002N           2  01000000066210021700000000447000000000012N131216000000000000000000000000000000008500000000000000000000000000000100002975727763CLAUDIA DE FARIA GONZAGA SILVA          PRESIDENTE SODRE                                    28623480                                                            000043
100000 000000000000 0009028130014967500000000674              0000000000000000674500000000002N           2  01000000067410021700000000447000000000012N131216000000000000000000000000000000008500000000000000000000000000000100000157536475ELANE PINHEIRO DE MELO                  ARISTAO JACOND                                      28623420                                                            000044
100000 000000000000 0009028130014967500000000686              0000000000000000686900000000002N           2  01000000068610021700000000337000000000012N131216000000000000000000000000000000008500000000000000000000000000000100004107899764MERCIA APARECIDA NASCIMENTO             AMAPA                                               28620250                                                            000045
100000 000000000000 0009028130014967500000000722              0000000000000000722900000000002N           2  01000000072210021700000000447000000000012N131216000000000000000000000000000000004000000000000000000000000000000100012059453771DIEGO PEREIRA OLIVEIRA                  FRANCISCO NICOLAU                                   28610000                                                            000046
100000 000000000000 0009028130014967500000000746              0000000000000000746600000000002N           2  01000000074610021700000000447000000000012N131216000000000000000000000000000000008000000000000000000000000000000100010736681779JULIANA BLAUDT FERRAZ DE AZEVEDO        FRANCISCO NICOLAU                                   28620105                                                            000047
100000 000000000000 0009028130014967500000000758              0000000000000000758P00000000002N           2  01000000075810021700000000447000000000012N131216000000000000000000000000000000006000000000000000000000000000000100008871395743VALDELY PEREIRA XAVIER                  SANTA CATARINA                                      28623350                                                            000048
100000 000000000000 0009028130014967500000000770              0000000000000000770900000000002N           2  01000000077010021700000000447000000000012N131216000000000000000000000000000000006700000000000000000000000000000100012444566750ELISANGELA SOARES DE LIMA MACHADO       GUAPORE                                             28620230                                                            000049
100000 000000000000 0009028130014967500000000794              0000000000000000794600000000002N           2  01000000079410021700000000337000000000012N131216000000000000000000000000000000012500000000000000000000000000000100010542478706ADRIANA SILVA BARCELOS                  GAGO COUTINHO                                       28620200                                                            000050
100000 000000000000 0009028130014967500000000806              0000000000000000806300000000002N           2  01000000080610021700000000447000000000012N131216000000000000000000000000000000008000000000000000000000000000000100088531708753PAULO ROLISON PEREIRA DE FREITAS        FOLLY                                               28623780                                                            000051
100000 000000000000 0009028130014967500000000818              0000000000000000818700000000002N           2  01000000081810021700000000447000000000012N131216000000000000000000000000000000004000000000000000000000000000000100005455817612VIVIAN KLEI MOTTA                       PRESIDENTE VARGAS                                   02862300                                                            000052
100000 000000000000 0009028130014967500000000842              0000000000000000842P00000000002N           2  01000000084210021700000000447000000000012N131216000000000000000000000000000000004000000000000000000000000000000100010339831790LIVIA DE ALMEIDA ABREU                  JAIME HIGGINS                                       28623550                                                            000053
100000 000000000000 0009028130014967500000000854              0000000000000000854300000000002N           2  01000000085410021700000000447000000000012N131216000000000000000000000000000000004000000000000000000000000000000100005520925763JULIO CESAR ROCHEMONT SHIMIDT           JOSE TESSAROLLO                                     28610000                                                            000054
100000 000000000000 0009028130014967500000000866              0000000000000000866700000000002N           2  01000000086610021700000000337000000000012N131216000000000000000000000000000000010700000000000000000000000000000100009744348763ANA PAULA BARBOSA POLONIO               JACINTO JOAQUIM PEREIRA                             28623685                                                            000055
100000 000000000000 0009028130014967500000000878              0000000000000000878000000000002N           2  01000000087810021700000000447000000000012N131216000000000000000000000000000000004000000000000000000000000000000100013020782759FLAVIA DA SILVA MARTINS MAFORT          GENECILLO LUCIANO BORGES                            28610000                                                            000056
100000 000000000000 0009028130014967500000000890              0000000000000000890P00000000002N           2  01000000089010021700000000337000000000012N131216000000000000000000000000000000008700000000000000000000000000000100096847360704RONALDO VELOSO DA SILVEIRA              MARIA DANGELO MAGLIANO                              28610000                                                            000057
100000 000000000000 0009028130014967500000000902              0000000000000000902700000000002N           2  01000000090210021700000000337000000000012N131216000000000000000000000000000000008700000000000000000000000000000100096847360704RONALDO VELOSO DA SILVEIRA              MARIA DANGELO MAGLIANO                              28610000                                                            000058
100000 000000000000 0009028130014967500000000914              0000000000000000914000000000002N           2  01000000091410021700000000337000000000012N131216000000000000000000000000000000010500000000000000000000000000000100009744348763ANA PAULA BARBOSA POLONIO               RIO CARAIBA                                         28634100                                                            000059
100000 000000000000 0009028130014967500000000926              0000000000000000926400000000002N           2  01000000092610021700000000337000000000012N131216000000000000000000000000000000008500000000000000000000000000000100012790154708TAMIRES MACEDO FERREIRA                 BAHIA                                               28623260                                                            000060
100000 000000000000 0009028130014967500000000938              0000000000000000938800000000002N           2  01000000093810021700000000337000000000012N131216000000000000000000000000000000010000000000000000000000000000000100012378975724ROBERTA DA CONCEICAO DOS SANTOS         XINGU                                               28620310                                                            000061
100000 000000000000 0009028130014967500000000950              0000000000000000950700000000002N           2  01000000095010021700000000337000000000012N131216000000000000000000000000000000005000000000000000000000000000000100009218594737MADALENA TORRES                         PRIMAVERA                                           28610000                                                            000062
100000 000000000000 0009028130014967500000000962              0000000000000000962000000000002N           2  01000000096210021700000000447000000000012N131216000000000000000000000000000000010500000000000000000000000000000100003673387774ROSELY QUEIROZ                          PRES. BACKER                                        28620240                                                            000063
100000 000000000000 0009028130014967500000000974              0000000000000000974400000000002N           2  01000000097410021700000000447000000000012N131216000000000000000000000000000000006700000000000000000000000000000100009536866714MONARA TEIXEIRA DE BARROS TOLEDO        LIRIOS DO CAMPO                                     28610000                                                            000064
100000 000000000000 0009028130014967500000000986              0000000000000000986800000000002N           2  01000000098610021700000000337000000000012N131216000000000000000000000000000000008500000000000000000000000000000100000570115473PAULO SERGIO JUNQUEIRA BARBOSA          HENRIQUE SAMPAIO LEAL                               28623660                                                            000065
100000 000000000000 0009028130014967500000001010              0000000000000001010600000000002N           2  01000000101010021700000000447000000000012N131216000000000000000000000000000000008500000000000000000000000000000100010891520783ANA PAULA FERREIRA DE OLIVEIRA          SAO ROQUE                                           28623370                                                            000066
100000 000000000000 0009028130014967500000001058              0000000000000001058000000000002N           2  01000000105810021700000000337000000000012N131216000000000000000000000000000000008000000000000000000000000000000100009945732781BRUNA SALES LOZADA MAFORT               SAO JOAO DE MERITI                                  28623750                                                            000067
100000 000000000000 0009028130014967500000001082              0000000000000001082300000000002N           2  01000000108210021700000000337000000000012N131216000000000000000000000000000000008700000000000000000000000000000100008432896780ALINE GOMES DA SILVA                    SOUZA MIRANDA                                       28620340                                                            000068
100000 000000000000 0009028130014967500000001094              0000000000000001094700000000002N           2  01000000109410021700000000447000000000012N131216000000000000000000000000000000010500000000000000000000000000000100003673387774ROSELY QUEIROZ                          PRES. BACKER                                        28620240                                                            000069
100000 000000000000 0009028130014967500000001106              0000000000000001106400000000002N           2  01000000110610021700000000337000000000012N131216000000000000000000000000000000010700000000000000000000000000000100009744348763ANA PAULA BARBOSA POLONIO               JACINTO JOAQUIM PEREIRA                             28623685                                                            000070
100000 000000000000 0009028130014967500000001118              0000000000000001118800000000002N           2  01000000111810021700000000337000000000012N131216000000000000000000000000000000006000000000000000000000000000000100014934705713DEYVIENE ARAUJO SOARES                  SAO JOAO DE MERITI                                  28623750                                                            000071
100000 000000000000 0009028130014967500000001130              0000000000000001130700000000002N           2  01000000113010021700000000337000000000012N131216000000000000000000000000000000010700000000000000000000000000000100001067077790BRUNO CARVALHO PEREIRA                  JULIO ANTONIO THURLER                               28620000                                                            000072
100000 000000000000 0009028130014967500000001142              0000000000000001142000000000002N           2  01000000114210021700000000447000000000012N131216000000000000000000000000000000006000000000000000000000000000000100005682397762RENATA DE SOUZA GARCIA                  MANLIO DE ARAUJO SILVA                              28623505                                                            000073
100000 000000000000 0009028130014967500000001154              0000000000000001154400000000002N           2  01000000115410021700000000447000000000012N131216000000000000000000000000000000008000000000000000000000000000000100007965319780ALCINEIA MENDES PENA                    MANLIO DE ARAUJO SILVA                              28623505                                                            000074
100000 000000000000 0009028130014967500000001166              0000000000000001166800000000002N           2  01000000116610021700000000337000000000012N131216000000000000000000000000000000004000000000000000000000000000000100008311154759ANDREIA DE CARVALHO                     SAO ROQUE                                           28610000                                                            000075
100000 000000000000 0009028130014967500000001178              0000000000000001178100000000002N           2  01000000117810021700000000447000000000012N131216000000000000000000000000000000015700000000000000000000000000000100005727702780PATRICIA SILVA DOS SANTOS RODRIGUES     MARANHAO                                            28623110                                                            000076
100000 000000000000 0009028130014967500000001190              0000000000000001190000000000002N           2  01000000119010021700000000337000000000012N131216000000000000000000000000000000008500000000000000000000000000000100010205653731PRISCILA NASCIMENTO                     JACINTO PEREIRA                                     28623101                                                            000077
100000 000000000000 0009028130014967500000001202              0000000000000001202800000000002N           2  01000000120210021700000000447000000000012N131216000000000000000000000000000000015700000000000000000000000000000100005727702780PATRICIA SILVA DOS SANTOS RODRIGUES     MARANHAO                                            28623631                                                            000078
100000 000000000000 0009028130014967500000001226              0000000000000001226500000000002N           2  01000000122610021700000000337000000000012N131216000000000000000000000000000000010500000000000000000000000000000100002975945752CLARA HELENA ALVES                      RAUL VEIGA                                          28623460                                                            000079
100000 000000000000 0009028130014967500000001238              0000000000000001238900000000002N           2  01000000123810021700000000337000000000012N131216000000000000000000000000000000004000000000000000000000000000000100002498290702MARCOS CESAR DE SOUZA MACEDO            ROMAO DE AGUILERA CAMPOS                            28620170                                                            000080
100000 000000000000 0009028130014967500000001274              0000000000000001274500000000002N           2  01000000127410021700000000337000000000012N131216000000000000000000000000000000004000000000000000000000000000000100007584099742WILLIAN ROBSON GONCALVES BORGES         GUSTAVO LIRA                                        28629390                                                            000081
100000 000000000000 0009028130014967500000001286              0000000000000001286900000000002N           2  01000000128610021700000000447000000000012N131216000000000000000000000000000000004000000000000000000000000000000100010632600780FABRICIA CARDOSO RAMOS                  PIAU                                                28623310                                                            000082
100000 000000000000 0009028130014967500000001298              0000000000000001298200000000002N           2  01000000129810021700000000337000000000012N131216000000000000000000000000000000004000000000000000000000000000000100009283725700DANIELE KLEIN                           SANTANA                                             28610000                                                            000083
100000 000000000000 0009028130014967500000001310              0000000000000001310500000000002N           2  01000000131010021700000000337000000000012N131216000000000000000000000000000000005000000000000000000000000000000100014080928750JESSICA FERREIRA LOPES LIMA             RAUL VEIGA                                          28623470                                                            000084
100000 000000000000 0009028130014967500000001322              0000000000000001322900000000002N           2  01000000132210021700000000337000000000012N131216000000000000000000000000000000009500000000000000000000000000000100008436342780LUCY FARIA LIMA                         ESPIRITO SANTO                                      28630100                                                            000085
100000 000000000000 0009028130014967500000001334              0000000000000001334200000000002N           2  01000000133410021700000000337000000000012N131216000000000000000000000000000000013500000000000000000000000000000100012583585738EVANDRO BENTO MIGUEL                    ROMAOAGUILERA CAMPOS                                28620170                                                            000086
100000 000000000000 0009028130014967500000001346              0000000000000001346600000000002N           2  01000000134610021700000000337000000000012N131216000000000000000000000000000000004000000000000000000000000000000100009371101750SILMARIA DE OLIVEIRA RODRIGUES          MAL RONDON                                          28621130                                                            000087
100000 000000000000 0009028130014967500000001358              0000000000000001358P00000000002N           2  01000000135810021700000000337000000000012N131216000000000000000000000000000000013000000000000000000000000000000100014385415706ANA PAULA LOPES DA SILVA OLIVEIRA       JULIO ANTONIO THURLER                               28620260                                                            000088
100000 000000000000 0009028130014967500000001370              0000000000000001370900000000002N           2  01000000137010021700000000447000000000012N131216000000000000000000000000000000004000000000000000000000000000000100014683978776GRICHILA ROSA GOMES                     SAO JOO DE MERITI                                   28623750                                                            000089
100000 000000000000 0009028130014967500000001418              0000000000000001418700000000002N           2  01000000141810021700000000447000000000012N131216000000000000000000000000000000010500000000000000000000000000000100012141955718FRANSUELLY DE FREITAS ALENCAR           BARRETO DE ANDRADE                                  28601970                                                            000090
100000 000000000000 0009028130014967500000001430              0000000000000001430600000000002N           2  01000000143010021700000000447000000000012N131216000000000000000000000000000000008000000000000000000000000000000100010736681779JULIANA BLAUDT FERRAZ DE AZEVEDO        FRANCISCO NICOLAU                                   28620105                                                            000091
100000 000000000000 0009028130014967500000001442              0000000000000001442P00000000002N           2  01000000144210021700000000447000000000012N131216000000000000000000000000000000004000000000000000000000000000000100001284821765RONIA MARIA TERR DA SILVA FAGUNDES      JOSE ANDRADE BATISTA JUNIOR                         28623330                                                            000092
100000 000000000000 0009028130014967500000001454              0000000000000001454300000000002N           2  01000000145410021700000000447000000000012N131216000000000000000000000000000000004000000000000000000000000000000100013163867758GABRIELA SARDINHA MAROTTI               JOSE CALDAS                                         28601970                                                            000093
100000 000000000000 0009028130014967500000001466              0000000000000001466700000000002N           2  01000000146610021700000000337000000000012N131216000000000000000000000000000000008500000000000000000000000000000100002965172750ROSSANA BARBOSA DOS SANTOS              15 DE NOVEMBRO                                      28623355                                                            000094
100000 000000000000 0009028130014967500000001478              0000000000000001478000000000002N           2  01000000147810021700000000407000000000012N131216000000000000000000000000000000006000000000000000000000000000000100013776743719NATALIA DA SILVA CUNHA                  JOAQUIM ANTUNES                                     28623770                                                            000095
100000 000000000000 0009028130014967500000001490              0000000000000001490P00000000002N           2  01000000149010021700000000447000000000012N131216000000000000000000000000000000006000000000000000000000000000000100013776743719NATALIA DA SILVA CUNHA                  JOAQUIM ANTUNES                                     28623770                                                            000096
100000 000000000000 0009028130014967500000001514              0000000000000001514000000000002N           2  01000000151410021700000000337000000000012N131216000000000000000000000000000000010700000000000000000000000000000100010060266732MARIA DE FATIMA DOS SANTOS MORAIS       PIAUI                                               28623310                                                            000097
100000 000000000000 0009028130014967500000001526              0000000000000001526400000000002N           2  01000000152610021700000000447000000000012N131216000000000000000000000000000000005700000000000000000000000000000100006223114761HERICKA FALTZ                           15 DE NOVEMBRO                                      28623355                                                            000098
100000 000000000000 0009028130014967500000001538              0000000000000001538800000000002N           2  01000000153810021700000000337000000000012N131216000000000000000000000000000000008500000000000000000000000000000100007655553775THOPSON CARDINOT JESUS                  PIAUI                                               28623310                                                            000099
100000 000000000000 0009028130014967500000001550              0000000000000001550700000000002N           2  01000000155010021700000000337000000000012N131216000000000000000000000000000000013500000000000000000000000000000100012583585738EVANDRO BENTO MIGUEL                    ROMAOAGUILERA CAMPOS                                28620170                                                            000100
100000 000000000000 0009028130014967500000001562              0000000000000001562000000000002N           2  01000000156210021700000000337000000000012N131216000000000000000000000000000000004000000000000000000000000000000100009371101750SILMARIA DE OLIVEIRA RODRIGUES          MAL RONDON                                          28621130                                                            000101
100000 000000000000 0009028130014967500000001574              0000000000000001574400000000002N           2  01000000157410021700000000337000000000012N131216000000000000000000000000000000002200000000000000000000000000000100007955264746TATIANE MARINHO OUVERNEY                SANTANA                                             28633050                                                            000102
100000 000000000000 0009028130014967500000001586              0000000000000001586800000000002N           2  01000000158610021700000000337000000000012N141216000000000000000000000000000000011700000000000000000000000000000100012320474730ANDIARA LIMA RODRIGUES                  AUGUSTO NICOLAU RODRIGUES                           28610000                                                            000103
100000 000000000000 0009028130014967500000001598              0000000000000001598100000000002N           2  01000000159810021700000000447000000000012N141216000000000000000000000000000000006000000000000000000000000000000100001588667707MARCELO DOS SANTOS                      MANILO DE ARAUJO SILVA                              28523505                                                            000104
100000 000000000000 0009028130014967500000001610              0000000000000001610400000000002N           2  01000000161010021700000000447000000000012N141216000000000000000000000000000000004000000000000000000000000000000100002976012708MIRIAM DO ALMO PINHO                    EDVALDO CUNHA                                       28621400                                                            000105
100000 000000000000 0009028130014967500000001622              0000000000000001622800000000002N           2  01000000162210021700000000447000000000012N141216000000000000000000000000000000008500000000000000000000000000000100001912230771EVERALDO PETERS                         AURORA SILVEIRA                                     28621220                                                            000106
100000 000000000000 0009028130014967500000001634              0000000000000001634100000000002N           2  01000000163410021700000000447000000000012N141216000000000000000000000000000000004000000000000000000000000000000100010952333783GESSICA CARDOSO OGELIO                  ARAGUAIA                                            28623680                                                            000107
100000 000000000000 0009028130014967500000001646              0000000000000001646500000000002N           2  01000000164610021700000000447000000000012N141216000000000000000000000000000000006000000000000000000000000000000100013827426731FABIANA ROSA ANDRE                      EDEVALDO CUNHA                                      28621400                                                            000108
100000 000000000000 0009028130014967500000001670              0000000000000001670800000000002N           2  01000000167010021700000000337000000000012N141216000000000000000000000000000000009500000000000000000000000000000100001067173757EDILENE DO COUTO BOY                    SOUZA MIRANDA                                       28620340                                                            000109
100000 000000000000 0009028130014967500000001682              0000000000000001682100000000002N           2  01000000168210021700000000337000000000012N141216000000000000000000000000000000010000000000000000000000000000000100010478335733MAYCON BRUNO MORAIS DE SOUZA            ALEXANDRE BACHINI                                   28630280                                                            000110
100000 000000000000 0009028130014967500000001706              0000000000000001706200000000002N           2  01000000170610021700000000337000000000012N141216000000000000000000000000000000008500000000000000000000000000000100005348024783CRISTIANE AMARAL DOS SANTOS             PERNAMBUCO                                          28623120                                                            000111
100000 000000000000 0009028130014967500000001718              0000000000000001718600000000002N           2  01000000171810021700000000337000000000012N141216000000000000000000000000000000008500000000000000000000000000000100093646836768ALZINETH ARAUJO DA SILVA                SOUZA MIRANDA                                       28620340                                                            000112
100000 000000000000 0009028130014967500000001730              0000000000000001730500000000002N           2  01000000173010021700000000337000000000012N141216000000000000000000000000000000008500000000000000000000000000000100007079922739REGIANE LIMA AMORIM ROSA                JULIO ANTONIO THURLER                               00000000                                                            000113
100000 000000000000 0009028130014967500000001742              0000000000000001742900000000002N           2  01000000174210021700000000447000000000012N141216000000000000000000000000000000004000000000000000000000000000000100014959647795FRANCINE BARRETO MUNIZ                  PARA                                                28623090                                                            000114
100000 000000000000 0009028130014967500000001778              0000000000000001778P00000000002N           2  01000000177810021700000000447000000000012N141216000000000000000000000000000000008000000000000000000000000000000100009940048777RODRIGO FERREIRA DE CARVALHO            BAHIA                                               28623260                                                            000115
100000 000000000000 0009028130014967500000001802              0000000000000001802600000000002N           2  01000000180210021700000000337000000000012N141216000000000000000000000000000000008500000000000000000000000000000100012351564782DAIANA GARVINO MELLO                    SANTA CATARINA                                      00000000                                                            000116
100000 000000000000 0009028130014967500000001814              0000000000000001814P00000000002N           2  01000000181410021700000000447000000000012N141216000000000000000000000000000000006000000000000000000000000000000100003677280796ROSANE DE SOUZA                         BAHIA                                               28623260                                                            000117
100000 000000000000 0009028130014967500000001826              0000000000000001826300000000002N           2  01000000182610021700000000447000000000012N141216000000000000000000000000000000004000000000000000000000000000000100009345581758MICHELE SILVA MIRANDA                   SOUZA MIRANDA                                       28623000                                                            000118
100000 000000000000 0009028130014967500000001838              0000000000000001838700000000002N           2  01000000183810021700000000447000000000012N141216000000000000000000000000000000004000000000000000000000000000000100002634164700WELLINGTON BOTELHO DE SOUZA             15 DE NOVEMBRO                                      28616105                                                            000119
100000 000000000000 0009028130014967500000001850              0000000000000001850600000000002N           2  01000000185010021700000000447000000000012N141216000000000000000000000000000000006000000000000000000000000000000100012282848730JULIANA BARBOSA DO ALMO                 SOUZA MIRANDA                                       28610000                                                            000120
100000 000000000000 0009028130014967500000001874              0000000000000001874300000000002N           2  01000000187410021700000000337000000000012N141216000000000000000000000000000000010500000000000000000000000000000100008931049730FABIANA DA SILVA LIMA                   SAO ROQUE                                           28623380                                                            000121
100000 000000000000 0009028130014967500000001886              0000000000000001886700000000002N           2  01000000188610021700000000447000000000012N141216000000000000000000000000000000006000000000000000000000000000000100012007238721NATHAN COSTA DE OLIVEIRA                MARIA DA GLORIA NENO                                28620150                                                            000122
100000 000000000000 0009028130014967500000001934              0000000000000001934000000000002N           2  01000000193410021700000000447000000000012N141216000000000000000000000000000000004000000000000000000000000000000100038624529808TAYANE VALDIVIA GONCALVES               FOLLY                                               28623380                                                            000123
100000 000000000000 0009028130014967500000001946              0000000000000001946400000000002N           2  01000000194610021700000000337000000000012N141216000000000000000000000000000000006000000000000000000000000000000100012577477708DAIANA PECLI DA SILVA                   JOAQUIM ANTUNES                                     28623770                                                            000124
100000 000000000000 0009028130014967500000001958              0000000000000001958800000000002N           2  01000000195810021700000000337000000000012N141216000000000000000000000000000000008500000000000000000000000000000100005563215709CINTIA DE JESUS POLLO                   URUGUAIANA                                          00000000                                                            000125
100000 000000000000 0009028130014967500000001970              0000000000000001970700000000002N           2  01000000197010021700000000447000000000012N141216000000000000000000000000000000006000000000000000000000000000000100012059642744DAIANE JARDIM DA SILVA                  FRANCOIS BUTTY                                      28623685                                                            000126
100000 000000000000 0009028130014967500000001982              0000000000000001982000000000002N           2  01000000198210021700000000447000000000012N141216000000000000000000000000000000010000000000000000000000000000000100010712214771MARIA APARECIDA DA SILVA                PRESIDENTE SODRE                                    28623480                                                            000127
100000 000000000000 0009028130014967500000001994              0000000000000001994400000000002N           2  01000000199410021700000000447000000000012N141216000000000000000000000000000000010000000000000000000000000000000100010712214771MARIA APARECIDA DA SILVA                PRESIDENTE SODRE                                    28623480                                                            000128
100000 000000000000 0009028130014967500000002006              0000000000000002006300000000002N           2  01000000200610021700000000447000000000012N141216000000000000000000000000000000006000000000000000000000000000000100002963705760CLEIDE FARIAS DE SALES                  SOUZA CARDOSO                                       28625520                                                            000129
100000 000000000000 0009028130014967500000002018              0000000000000002018700000000002N           2  01000000201810021700000000337000000000012N141216000000000000000000000000000000009500000000000000000000000000000100008626275757JANAINA ALVES SOUZA DE AGUIAR           LIRIOS DO CAMPO                                     28623000                                                            000130
100000 000000000000 0009028130014967500000002066              0000000000000002066700000000002N           2  01000000206610021700000000447000000000012N151216000000000000000000000000000000004000000000000000000000000000000100009075608730ALINE SIQUEIRA MARQUES                  MARIA DA GLORIA NENO                                28620150                                                            000131
100000 000000000000 0009028130014967500000002090              0000000000000002090P00000000002N           2  01000000209010021700000000447000000000012N151216000000000000000000000000000000010500000000000000000000000000000100012083386760NAYARA DE DEUS BURGUES                  IZELINO MADURO                                      28623000                                                            000132
100000 000000000000 0009028130014967500000002102              0000000000000002102700000000002N           2  01000000210210021700000000447000000000012N151216000000000000000000000000000000006000000000000000000000000000000100002963705760CLEIDE FARIAS DE SALES                  SOUZA CARDOSO                                       28625520                                                            000133
100000 000000000000 0009028130014967500000002114              0000000000000002114000000000002N           2  01000000211410021700000000447000000000012N151216000000000000000000000000000000004000000000000000000000000000000100010847386783CARLA DA COSTA CARDOSO FONSECA          DA PEDRAS                                           28600000                                                            000134
100000 000000000000 0009028130014967500000002138              0000000000000002138800000000002N           2  01000000213810021700000000337000000000012N151216000000000000000000000000000000008500000000000000000000000000000100014065505747AMANDA OLIVEIRA DE ALMEIDA RODRIGUES    ESPIRITO SANTO                                      28623360                                                            000135
100000 000000000000 0009028130014967500000002150              0000000000000002150700000000002N           2  01000000215010021700000000447000000000012N161216000000000000000000000000000000006000000000000000000000000000000100012807955738IAGO ELLER AZEVEDO                      MANOEL LOURENCO SOBRINHO                            28623440                                                            000136
100000 000000000000 0009028130014967500000002162              0000000000000002162000000000002N           2  01000000216210021700000000447000000000012N161216000000000000000000000000000000004000000000000000000000000000000100015201835775CHAIANE MAGALDE FAUSTINO MOREIRA        RAUL VEIGA                                          28623460                                                            000137
100000 000000000000 0009028130014967500000002174              0000000000000002174400000000002N           2  01000000217410021700000000447000000000012N161216000000000000000000000000000000006000000000000000000000000000000100099898268700ROSELI MARIA SAMPAIO SILVA              MARANHAO                                            28623110                                                            000138
100000 000000000000 0009028130014967500000002210              0000000000000002210400000000002N           2  01000000221010021700000000447000000000012N201216000000000000000000000000000000004000000000000000000000000000000100016019521710CARLOS VICIUS ARAUJO BASTOS             ARACI DA SILVA CARVALHO                             28623420                                                            000139
100000 000000000000 0009028130014967500000002234              0000000000000002234100000000002N           2  01000000223410021700000000337000000000012N201216000000000000000000000000000000012700000000000000000000000000000100005228151713IARACI SCHUMACKER DE LEMOS              CANDIDO PARDAL                                      28620200                                                            000140
100000 000000000000 0009028130014967500000002246              0000000000000002246500000000002N           2  01000000224610021700000000447000000000012N201216000000000000000000000000000000006000000000000000000000000000000100017410148756NICOLLY LONGO COSTA                     ELISA FERNANDES                                     28623430                                                            000141
100000 000000000000 0009028130014967500000002258              0000000000000002258900000000002N           2  01000000225810021700000000337000000000012N201216000000000000000000000000000000003000000000000000000000000000000100008589358720MARCO ANTONIO DA COSTA ARRUDA           JULIO ANTONIO THURLER                               28620000                                                            000142
100000 000000000000 0009028130014967500000002270              0000000000000002270800000000002N           2  01000000227010021700000000447000000000012N201216000000000000000000000000000000008500000000000000000000000000000100012146982713LILIAN VIEIRA PEREIRA                   GUSTAVO LIRA                                        28623390                                                            000143
100000 000000000000 0009028130014967500000002294              0000000000000002294500000000002N           2  01000000229410021700000000337000000000012N201216000000000000000000000000000000007500000000000000000000000000000100012172854743THAIS MAROTTI VIEIRA CARRIELO           MARINS                                              28613310                                                            000144
100000 000000000000 0009028130014967500000002306              0000000000000002306200000000002N           2  01000000230610021700000000337000000000012N201216000000000000000000000000000000003700000000000000000000000000000100015198767778CLAUDEIR PTRICIO NARCISIO               MANLIO DE ARAUJO SILVA                              28623505                                                            000145
100000 000000000000 0009028130014967500000000158              0000000000000000158100000000002N           2  01000000015815021700000000337000000000012N121216000000000000000000000000000000010700000000000000000000000000000100009109602755FALLINE BUSQUET GALVAO DE LIMA          GAGO COUTINHO                                       00000000                                                            000146
100000 000000000000 0009028130014967500000000422              0000000000000000422P00000000002N           2  01000000042215021700000000337000000000012N131216000000000000000000000000000000008500000000000000000000000000000100010891520783ANA PAULA FERREIRA GOMES                MANOEL LOURENCO SOBRINHO                            28623440                                                            000147
100000 000000000000 0009028130014967500000000446              0000000000000000446700000000002N           2  01000000044615021700000000337000000000012N131216000000000000000000000000000000008000000000000000000000000000000100009940004877RODRIGO FERREIRA DE CARVALHO            BAHIA                                               28623260                                                            000148
100000 000000000000 0009028130014967500000001790              0000000000000001790900000000002N           2  01000000179015021700000000337000000000012N141216000000000000000000000000000000008500000000000000000000000000000100012351564782DAIANA GARVINO MELLO                    SANTA CATARINA                                      00000000                                                            000149
100000 000000000000 0009028130014967500000000122              0000000000000000122000000000002N           2  01000000012220021700000000447000000000012N121216000000000000000000000000000000004000000000000000000000000000000100005609105765ZEDEQUIAS DE OLIVEIRA CASTRO            SOUZA MIRANDA                                       28623000                                                            000150
100000 000000000000 0009028130014967500000000998              0000000000000000998100000000002N           2  01000000099820021700000000447000000000012N131216000000000000000000000000000000013700000000000000000000000000000100005533788703PATRICIA DE SOUZA SILVA                 PRIMAVERA                                           28620130                                                            000151
9                                                                                                                                                                                                                                                                                                                                                                                                         000152
