01REMESSA01COBRANCA       00000000000004999512CENTRO EDUCACIONAL PONTO DE PA237BRADESCO       221216        MX0001001                                                                                                                                                                                                                                                                                     000001
100000 000000000000 0009028130014967500000000001              0000000000000000001100000000002N           2  01000000000110011700000000337000000000012N091216000000000000000000000000000000004000000000000000000000000000000100009204945796MICHELE DA SILVA NEVES FERNANDES        MARIO ANTONIO THURLER                               28610000                                                            000002
100000 000000000000 0009028130014967500000000013              0000000000000000013500000000002N           2  01000000001310011700000000447000000000012N121216000000000000000000000000000000004000000000000000000000000000000100010788819798RAPHAELLA MARTINS TOLEDO                MANLIO DE ARAUJO SILVA                              28600000                                                            000003
100000 000000000000 0009028130014967500000000025              0000000000000000025900000000002N           2  01000000002510011700000000447000000000012N121216000000000000000000000000000000006000000000000000000000000000000100006385611752LILIANE FREIMAN CORDEIRO                PARANA                                              28623190                                                            000004
100000 000000000000 0009028130014967500000000037              0000000000000000037200000000002N           2  01000000003710011700000000447000000000012N121216000000000000000000000000000000004000000000000000000000000000000100005303426777YULA CARVALHO DOS SANTOS                WILTON CAETANO PIRAZZO                              28610000                                                            000005
100000 000000000000 0009028130014967500000000049              0000000000000000049600000000002N           2  01000000004910011700000000337000000000012N121216000000000000000000000000000000003000000000000000000000000000000100010130699780MARIA HELENA PACANHOS GUZZO             JULIO ANTONIO THURLER                               28620000                                                            000006
100000 000000000000 0009028130014967500000000061              0000000000000000061500000000002N           2  01000000006110011700000000337000000000012N121216000000000000000000000000000000010700000000000000000000000000000100009988250770VANESSA LIMA DE OLIVEIRA                SAO ROQUE                                           28623370                                                            000007
100000 000000000000 0009028130014967500000000073              0000000000000000073900000000002N           2  01000000007310011700000000337000000000012N121216000000000000000000000000000000011500000000000000000000000000000100005717484739RENATA JARDIM ROCHA DE MELLO            JARDIM ROCHA DE MELLO                               28623670                                                            000008
100000 000000000000 0009028130014967500000000085              0000000000000000085200000000002N           2  01000000008510011700000000337000000000012N121216000000000000000000000000000000007000000000000000000000000000000100012393629785GRAZIELE DA SILVA NASCIMENTO            MARIA DA GLORIA NENO                                28620150                                                            000009
100000 000000000000 0009028130014967500000000097              0000000000000000097600000000002N           2  01000000009710011700000000447000000000012N121216000000000000000000000000000000004000000000000000000000000000000100002632142733SIMONE SANGLARD BOHER                   SANTANA                                             28623190                                                            000010
100000 000000000000 0009028130014967500000000109              0000000000000000109300000000002N           2  01000000010910011700000000447000000000012N121216000000000000000000000000000000004000000000000000000000000000000100002630345777VIVIANE DOS SANTOS DUARTE               ACUCENA                                             02860000                                                            000011
100000 000000000000 0009028130014967500000000133              0000000000000000133600000000002N           2  01000000013310011700000000447000000000012N121216000000000000000000000000000000004000000000000000000000000000000100011581080794MARCOS ALEXANDRE DA CAMARA              SAO JOAO DE MERITI                                  28623750                                                            000012
100000 000000000000 0009028130014967500000000145              0000000000000000145P00000000002N           2  01000000014510011700000000337000000000012N121216000000000000000000000000000000005500000000000000000000000000000100007965086743PRISCYLA PALOMO MORENO SERAFIM          MANOEL DUARTE                                       28623510                                                            000013
100000 000000000000 0009028130014967500000000169              0000000000000000169700000000002N           2  01000000016910011700000000337000000000012N121216000000000000000000000000000000005000000000000000000000000000000100014080928750JESSICA FERREIRA LOPES                  RAUL VEIGA                                          28623470                                                            000014
100000 000000000000 0009028130014967500000000181              0000000000000000181600000000002N           2  01000000018110011700000000447000000000012N121216000000000000000000000000000000008000000000000000000000000000000100008446524740TATIANA PACHECO SILVA VALERIANO         JOAQUIM ANTUNES                                     28623770                                                            000015
100000 000000000000 0009028130014967500000000193              0000000000000000193P00000000002N           2  01000000019310011700000000447000000000012N121216000000000000000000000000000000004000000000000000000000000000000100020015278883MARIA APARECIDA DA SILVA                GASPAR MEYER                                        28610000                                                            000016
100000 000000000000 0009028130014967500000000217              0000000000000000217000000000002N           2  01000000021710011700000000337000000000012N121216000000000000000000000000000000005700000000000000000000000000000100015543743750NAIANE DE SOUZA KNUPP SILVA VIGANT      GENECILLO LUCIANO BORGES                            28610000                                                            000017
100000 000000000000 0009028130014967500000000229              0000000000000000229400000000002N           2  01000000022910011700000000337000000000012N121216000000000000000000000000000000008500000000000000000000000000000100002963185740IONAH LUCIA CHADER DE MORAES            BAHIA                                               28623260                                                            000018
100000 000000000000 0009028130014967500000000241              0000000000000000241300000000002N           2  01000000024110011700000000447000000000012N121216000000000000000000000000000000006000000000000000000000000000000100013982238757SAMARYS CHRISTINE AZEVEDO DE OLIVEIRA   MANOEL LOURENCO SOBRINHO                            28623440                                                            000019
100000 000000000000 0009028130014967500000000253              0000000000000000253700000000002N           2  01000000025310011700000000447000000000012N121216000000000000000000000000000000004000000000000000000000000000000100008314119709SAULO DA CRUZ FERREIRA                                                                      28630640                                                            000020
100000 000000000000 0009028130014967500000000265              0000000000000000265000000000002N           2  01000000026510011700000000447000000000012N121216000000000000000000000000000000006000000000000000000000000000000100014260391747PATRICIA BARROSO MUNHOES                116-KM65                                            28615065                                                            000021
100000 000000000000 0009028130014967500000000277              0000000000000000277400000000002N           2  01000000027710011700000000337000000000012N121216000000000000000000000000000000006000000000000000000000000000000100009977679797ALEXANDRA LAMBLET SANCHES DA SILVA      MANLIO DE ARAUJO SILVAS                             28623505                                                            000022
100000 000000000000 0009028130014967500000000301              0000000000000000301000000000002N           2  01000000030110011700000000337000000000012N121216000000000000000000000000000000008700000000000000000000000000000100014135541720ETUANE DE MATTOS FREITAS                EXPEDICIONARIO ANTONIO MORAIS                       28610000                                                            000023
100000 000000000000 0009028130014967500000000325              0000000000000000325800000000002N           2  01000000032510011700000000337000000000012N121216000000000000000000000000000000010700000000000000000000000000000100009744348763ANA PAULA BARBOSA POLONIO               JACINTO JOAQUIM PEREIRA                             28623685                                                            000024
100000 000000000000 0009028130014967500000000349              0000000000000000349500000000002N           2  01000000034910011700000000447000000000012N131216000000000000000000000000000000008500000000000000000000000000000100007583405750MARIA DE FATIMA CHABOUDT GARCIA         ISMERIA DE CARVALHO PIRES DE MORAES                 28635230                                                            000025
100000 000000000000 0009028130014967500000000361              0000000000000000361400000000002N           2  01000000036110011700000000337000000000012N131216000000000000000000000000000000006000000000000000000000000000000100001912758750TEREZINHA ELIDIA DA SILVA               PRESIDENTE RAUL VEIGA                               28623460                                                            000026
100000 000000000000 0009028130014967500000000373              0000000000000000373800000000002N           2  01000000037310011700000000337000000000012N131216000000000000000000000000000000011500000000000000000000000000000100005717484739RENATA JARDIM ROCHA DE MELLO            JOAQUIM MOREIRA PINTO                               28623670                                                            000027
100000 000000000000 0009028130014967500000000397              0000000000000000397500000000002N           2  01000000039710011700000000337000000000012N131216000000000000000000000000000000010500000000000000000000000000000100007355183788SILVIA DUARTE DANIEL                    ELISA FERNANDES                                     28623430                                                            000028
100000 000000000000 0009028130014967500000000409              0000000000000000409200000000002N           2  01000000040910011700000000337000000000012N131216000000000000000000000000000000010700000000000000000000000000000100009697123756EDILAMAR FEU                            FRANCISCO NICOLAU                                   28620105                                                            000029
100000 000000000000 0009028130014967500000000433              0000000000000000433500000000002N           2  01000000043310011700000000337000000000012N131216000000000000000000000000000000008500000000000000000000000000000100010891520783ANA PAULA FERREIRA GOMES                MANOEL LOURENCO SOBRINHO                            28623440                                                            000030
100000 000000000000 0009028130014967500000000457              0000000000000000457200000000002N           2  01000000045710011700000000337000000000012N131216000000000000000000000000000000008000000000000000000000000000000100009940004877RODRIGO FERREIRA DE CARVALHO            BAHIA                                               28623260                                                            000031
100000 000000000000 0009028130014967500000000469              0000000000000000469600000000002N           2  01000000046910011700000000447000000000012N131216000000000000000000000000000000004000000000000000000000000000000100010499307704ANDRE DE OLIVEIRA PINTO                 MARIA D ANGELO MGLIANO                              28620070                                                            000032
100000 000000000000 0009028130014967500000000481              0000000000000000481500000000002N           2  01000000048110011700000000447000000000012N131216000000000000000000000000000000004000000000000000000000000000000100005455817612VIVIAN KLEI MOTTA                       PRESIDENTE VARGAS                                   02862300                                                            000033
100000 000000000000 0009028130014967500000000505              0000000000000000505600000000002N           2  01000000050510011700000000337000000000012N131216000000000000000000000000000000011700000000000000000000000000000100002935663721ANGELITA CHERMONT DE CARVALHO RODRIGUES AUGUSTO NICOLAU                                     28623420                                                            000034
100000 000000000000 0009028130014967500000000517              0000000000000000517P00000000002N           2  01000000051710011700000000337000000000012N131216000000000000000000000000000000008500000000000000000000000000000100083183329700VERUTE FLORES DA COSTA                  JOSE RAMINELI                                       28623640                                                            000035
100000 000000000000 0009028130014967500000000529              0000000000000000529300000000002N           2  01000000052910011700000000337000000000012N131216000000000000000000000000000000008500000000000000000000000000000100051440520704MARINA CATARCIONE DE ARAUJO             SAO JOSE                                            28613360                                                            000036
100000 000000000000 0009028130014967500000000541              0000000000000000541200000000002N           2  01000000054110011700000000447000000000012N131216000000000000000000000000000000006000000000000000000000000000000100001025285786IVONETE DA SILVA CALDAS                 MARIA DA GLORIA NENO                                28610000                                                            000037
100000 000000000000 0009028130014967500000000553              0000000000000000553600000000002N           2  01000000055310011700000000337000000000012N131216000000000000000000000000000000008500000000000000000000000000000100007655553775THOPSON CARDINOT JESUS                  PIAUI                                               28623310                                                            000038
100000 000000000000 0009028130014967500000000565              0000000000000000565P00000000002N           2  01000000056510011700000000337000000000012N131216000000000000000000000000000000008500000000000000000000000000000100007820503793ANEZIA DOS ANJOS SILVA COELHO           JULIA IRENE GOMES DE ANDRADE                        28623420                                                            000039
100000 000000000000 0009028130014967500000000577              0000000000000000577300000000002N           2  01000000057710011700000000447000000000012N131216000000000000000000000000000000005000000000000000000000000000000100008675306776REGILANE DAS GRACAS PINTO               AMAPA                                               28620250                                                            000040
100000 000000000000 0009028130014967500000000589              0000000000000000589700000000002N           2  01000000058910011700000000447000000000012N131216000000000000000000000000000000008500000000000000000000000000000100004798745731CARLA GOMES DA SILVA FERNADES           RAUL VEIGA                                          28623460                                                            000041
100000 000000000000 0009028130014967500000000601              0000000000000000601P00000000002N           2  01000000060110011700000000337000000000012N131216000000000000000000000000000000008500000000000000000000000000000100002976278725ROSILENE QUEIROZ                        MARIA DA GLORIA NENO                                28620150                                                            000042
100000 000000000000 0009028130014967500000000661              0000000000000000661300000000002N           2  01000000066110011700000000447000000000012N131216000000000000000000000000000000008500000000000000000000000000000100002975727763CLAUDIA DE FARIA GONZAGA SILVA          PRESIDENTE SODRE                                    28623480                                                            000043
100000 000000000000 0009028130014967500000000673              0000000000000000673700000000002N           2  01000000067310011700000000447000000000012N131216000000000000000000000000000000008500000000000000000000000000000100000157536475ELANE PINHEIRO DE MELO                  ARISTAO JACOND                                      28623420                                                            000044
100000 000000000000 0009028130014967500000000685              0000000000000000685000000000002N           2  01000000068510011700000000337000000000012N131216000000000000000000000000000000008500000000000000000000000000000100004107899764MERCIA APARECIDA NASCIMENTO             AMAPA                                               28620250                                                            000045
100000 000000000000 0009028130014967500000000721              0000000000000000721000000000002N           2  01000000072110011700000000447000000000012N131216000000000000000000000000000000004000000000000000000000000000000100012059453771DIEGO PEREIRA OLIVEIRA                  FRANCISCO NICOLAU                                   28610000                                                            000046
100000 000000000000 0009028130014967500000000745              0000000000000000745800000000002N           2  01000000074510011700000000447000000000012N131216000000000000000000000000000000008000000000000000000000000000000100010736681779JULIANA BLAUDT FERRAZ DE AZEVEDO        FRANCISCO NICOLAU                                   28620105                                                            000047
100000 000000000000 0009028130014967500000000757              0000000000000000757100000000002N           2  01000000075710011700000000447000000000012N131216000000000000000000000000000000006000000000000000000000000000000100008871395743VALDELY PEREIRA XAVIER                  SANTA CATARINA                                      28623350                                                            000048
100000 000000000000 0009028130014967500000000769              0000000000000000769500000000002N           2  01000000076910011700000000447000000000012N131216000000000000000000000000000000006700000000000000000000000000000100012444566750ELISANGELA SOARES DE LIMA MACHADO       GUAPORE                                             28620230                                                            000049
100000 000000000000 0009028130014967500000000793              0000000000000000793800000000002N           2  01000000079310011700000000337000000000012N131216000000000000000000000000000000012500000000000000000000000000000100010542478706ADRIANA SILVA BARCELOS                  GAGO COUTINHO                                       28620200                                                            000050
100000 000000000000 0009028130014967500000000805              0000000000000000805500000000002N           2  01000000080510011700000000447000000000012N131216000000000000000000000000000000008000000000000000000000000000000100088531708753PAULO ROLISON PEREIRA DE FREITAS        FOLLY                                               28623780                                                            000051
100000 000000000000 0009028130014967500000000817              0000000000000000817900000000002N           2  01000000081710011700000000447000000000012N131216000000000000000000000000000000004000000000000000000000000000000100005455817612VIVIAN KLEI MOTTA                       PRESIDENTE VARGAS                                   02862300                                                            000052
100000 000000000000 0009028130014967500000000841              0000000000000000841100000000002N           2  01000000084110011700000000447000000000012N131216000000000000000000000000000000004000000000000000000000000000000100010339831790LIVIA DE ALMEIDA ABREU                  JAIME HIGGINS                                       28623550                                                            000053
100000 000000000000 0009028130014967500000000853              0000000000000000853500000000002N           2  01000000085310011700000000447000000000012N131216000000000000000000000000000000004000000000000000000000000000000100005520925763JULIO CESAR ROCHEMONT SHIMIDT           JOSE TESSAROLLO                                     28610000                                                            000054
100000 000000000000 0009028130014967500000000865              0000000000000000865900000000002N           2  01000000086510011700000000337000000000012N131216000000000000000000000000000000010700000000000000000000000000000100009744348763ANA PAULA BARBOSA POLONIO               JACINTO JOAQUIM PEREIRA                             28623685                                                            000055
100000 000000000000 0009028130014967500000000877              0000000000000000877200000000002N           2  01000000087710011700000000447000000000012N131216000000000000000000000000000000004000000000000000000000000000000100013020782759FLAVIA DA SILVA MARTINS MAFORT          GENECILLO LUCIANO BORGES                            28610000                                                            000056
100000 000000000000 0009028130014967500000000889              0000000000000000889600000000002N           2  01000000088910011700000000337000000000012N131216000000000000000000000000000000008700000000000000000000000000000100096847360704RONALDO VELOSO DA SILVEIRA              MARIA DANGELO MAGLIANO                              28610000                                                            000057
100000 000000000000 0009028130014967500000000901              0000000000000000901900000000002N           2  01000000090110011700000000337000000000012N131216000000000000000000000000000000008700000000000000000000000000000100096847360704RONALDO VELOSO DA SILVEIRA              MARIA DANGELO MAGLIANO                              28610000                                                            000058
100000 000000000000 0009028130014967500000000913              0000000000000000913200000000002N           2  01000000091310011700000000337000000000012N131216000000000000000000000000000000010500000000000000000000000000000100009744348763ANA PAULA BARBOSA POLONIO               RIO CARAIBA                                         28634100                                                            000059
100000 000000000000 0009028130014967500000000925              0000000000000000925600000000002N           2  01000000092510011700000000337000000000012N131216000000000000000000000000000000008500000000000000000000000000000100012790154708TAMIRES MACEDO FERREIRA                 BAHIA                                               28623260                                                            000060
100000 000000000000 0009028130014967500000000937              0000000000000000937P00000000002N           2  01000000093710011700000000337000000000012N131216000000000000000000000000000000010000000000000000000000000000000100012378975724ROBERTA DA CONCEICAO DOS SANTOS         XINGU                                               28620310                                                            000061
100000 000000000000 0009028130014967500000000949              0000000000000000949300000000002N           2  01000000094910011700000000337000000000012N131216000000000000000000000000000000005000000000000000000000000000000100009218594737MADALENA TORRES                         PRIMAVERA                                           28610000                                                            000062
100000 000000000000 0009028130014967500000000961              0000000000000000961200000000002N           2  01000000096110011700000000447000000000012N131216000000000000000000000000000000010500000000000000000000000000000100003673387774ROSELY QUEIROZ                          PRES. BACKER                                        28620240                                                            000063
100000 000000000000 0009028130014967500000000973              0000000000000000973600000000002N           2  01000000097310011700000000447000000000012N131216000000000000000000000000000000006700000000000000000000000000000100009536866714MONARA TEIXEIRA DE BARROS TOLEDO        LIRIOS DO CAMPO                                     28610000                                                            000064
100000 000000000000 0009028130014967500000000985              0000000000000000985P00000000002N           2  01000000098510011700000000337000000000012N131216000000000000000000000000000000008500000000000000000000000000000100000570115473PAULO SERGIO JUNQUEIRA BARBOSA          HENRIQUE SAMPAIO LEAL                               28623660                                                            000065
100000 000000000000 0009028130014967500000001009              0000000000000001009200000000002N           2  01000000100910011700000000447000000000012N131216000000000000000000000000000000008500000000000000000000000000000100010891520783ANA PAULA FERREIRA DE OLIVEIRA          SAO ROQUE                                           28623370                                                            000066
100000 000000000000 0009028130014967500000001057              0000000000000001057200000000002N           2  01000000105710011700000000337000000000012N131216000000000000000000000000000000008000000000000000000000000000000100009945732781BRUNA SALES LOZADA MAFORT               SAO JOAO DE MERITI                                  28623750                                                            000067
100000 000000000000 0009028130014967500000001081              0000000000000001081500000000002N           2  01000000108110011700000000337000000000012N131216000000000000000000000000000000008700000000000000000000000000000100008432896780ALINE GOMES DA SILVA                    SOUZA MIRANDA                                       28620340                                                            000068
100000 000000000000 0009028130014967500000001093              0000000000000001093900000000002N           2  01000000109310011700000000447000000000012N131216000000000000000000000000000000010500000000000000000000000000000100003673387774ROSELY QUEIROZ                          PRES. BACKER                                        28620240                                                            000069
100000 000000000000 0009028130014967500000001105              0000000000000001105600000000002N           2  01000000110510011700000000337000000000012N131216000000000000000000000000000000010700000000000000000000000000000100009744348763ANA PAULA BARBOSA POLONIO               JACINTO JOAQUIM PEREIRA                             28623685                                                            000070
100000 000000000000 0009028130014967500000001117              0000000000000001117P00000000002N           2  01000000111710011700000000337000000000012N131216000000000000000000000000000000006000000000000000000000000000000100014934705713DEYVIENE ARAUJO SOARES                  SAO JOAO DE MERITI                                  28623750                                                            000071
100000 000000000000 0009028130014967500000001129              0000000000000001129300000000002N           2  01000000112910011700000000337000000000012N131216000000000000000000000000000000010700000000000000000000000000000100001067077790BRUNO CARVALHO PEREIRA                  JULIO ANTONIO THURLER                               28620000                                                            000072
100000 000000000000 0009028130014967500000001141              0000000000000001141200000000002N           2  01000000114110011700000000447000000000012N131216000000000000000000000000000000006000000000000000000000000000000100005682397762RENATA DE SOUZA GARCIA                  MANLIO DE ARAUJO SILVA                              28623505                                                            000073
100000 000000000000 0009028130014967500000001153              0000000000000001153600000000002N           2  01000000115310011700000000447000000000012N131216000000000000000000000000000000008000000000000000000000000000000100007965319780ALCINEIA MENDES PENA                    MANLIO DE ARAUJO SILVA                              28623505                                                            000074
100000 000000000000 0009028130014967500000001165              0000000000000001165P00000000002N           2  01000000116510011700000000337000000000012N131216000000000000000000000000000000004000000000000000000000000000000100008311154759ANDREIA DE CARVALHO                     SAO ROQUE                                           28610000                                                            000075
100000 000000000000 0009028130014967500000001177              0000000000000001177300000000002N           2  01000000117710011700000000447000000000012N131216000000000000000000000000000000015700000000000000000000000000000100005727702780PATRICIA SILVA DOS SANTOS RODRIGUES     MARANHAO                                            28623110                                                            000076
100000 000000000000 0009028130014967500000001189              0000000000000001189700000000002N           2  01000000118910011700000000337000000000012N131216000000000000000000000000000000008500000000000000000000000000000100010205653731PRISCILA NASCIMENTO                     JACINTO PEREIRA                                     28623101                                                            000077
100000 000000000000 0009028130014967500000001201              0000000000000001201P00000000002N           2  01000000120110011700000000447000000000012N131216000000000000000000000000000000015700000000000000000000000000000100005727702780PATRICIA SILVA DOS SANTOS RODRIGUES     MARANHAO                                            28623631                                                            000078
100000 000000000000 0009028130014967500000001225              0000000000000001225700000000002N           2  01000000122510011700000000337000000000012N131216000000000000000000000000000000010500000000000000000000000000000100002975945752CLARA HELENA ALVES                      RAUL VEIGA                                          28623460                                                            000079
100000 000000000000 0009028130014967500000001237              0000000000000001237000000000002N           2  01000000123710011700000000337000000000012N131216000000000000000000000000000000004000000000000000000000000000000100002498290702MARCOS CESAR DE SOUZA MACEDO            ROMAO DE AGUILERA CAMPOS                            28620170                                                            000080
100000 000000000000 0009028130014967500000001273              0000000000000001273700000000002N           2  01000000127310011700000000337000000000012N131216000000000000000000000000000000004000000000000000000000000000000100007584099742WILLIAN ROBSON GONCALVES BORGES         GUSTAVO LIRA                                        28629390                                                            000081
100000 000000000000 0009028130014967500000001285              0000000000000001285000000000002N           2  01000000128510011700000000447000000000012N131216000000000000000000000000000000004000000000000000000000000000000100010632600780FABRICIA CARDOSO RAMOS                  PIAU                                                28623310                                                            000082
100000 000000000000 0009028130014967500000001297              0000000000000001297400000000002N           2  01000000129710011700000000337000000000012N131216000000000000000000000000000000004000000000000000000000000000000100009283725700DANIELE KLEIN                           SANTANA                                             28610000                                                            000083
100000 000000000000 0009028130014967500000001309              0000000000000001309100000000002N           2  01000000130910011700000000337000000000012N131216000000000000000000000000000000005000000000000000000000000000000100014080928750JESSICA FERREIRA LOPES LIMA             RAUL VEIGA                                          28623470                                                            000084
100000 000000000000 0009028130014967500000001321              0000000000000001321000000000002N           2  01000000132110011700000000337000000000012N131216000000000000000000000000000000009500000000000000000000000000000100008436342780LUCY FARIA LIMA                         ESPIRITO SANTO                                      28630100                                                            000085
100000 000000000000 0009028130014967500000001333              0000000000000001333400000000002N           2  01000000133310011700000000337000000000012N131216000000000000000000000000000000013500000000000000000000000000000100012583585738EVANDRO BENTO MIGUEL                    ROMAOAGUILERA CAMPOS                                28620170                                                            000086
100000 000000000000 0009028130014967500000001345              0000000000000001345800000000002N           2  01000000134510011700000000337000000000012N131216000000000000000000000000000000004000000000000000000000000000000100009371101750SILMARIA DE OLIVEIRA RODRIGUES          MAL RONDON                                          28621130                                                            000087
100000 000000000000 0009028130014967500000001357              0000000000000001357100000000002N           2  01000000135710011700000000337000000000012N131216000000000000000000000000000000013000000000000000000000000000000100014385415706ANA PAULA LOPES DA SILVA OLIVEIRA       JULIO ANTONIO THURLER                               28620260                                                            000088
100000 000000000000 0009028130014967500000001369              0000000000000001369500000000002N           2  01000000136910011700000000447000000000012N131216000000000000000000000000000000004000000000000000000000000000000100014683978776GRICHILA ROSA GOMES                     SAO JOO DE MERITI                                   28623750                                                            000089
100000 000000000000 0009028130014967500000001417              0000000000000001417900000000002N           2  01000000141710011700000000447000000000012N131216000000000000000000000000000000010500000000000000000000000000000100012141955718FRANSUELLY DE FREITAS ALENCAR           BARRETO DE ANDRADE                                  28601970                                                            000090
100000 000000000000 0009028130014967500000001429              0000000000000001429200000000002N           2  01000000142910011700000000447000000000012N131216000000000000000000000000000000008000000000000000000000000000000100010736681779JULIANA BLAUDT FERRAZ DE AZEVEDO        FRANCISCO NICOLAU                                   28620105                                                            000091
100000 000000000000 0009028130014967500000001441              0000000000000001441100000000002N           2  01000000144110011700000000447000000000012N131216000000000000000000000000000000004000000000000000000000000000000100001284821765RONIA MARIA TERR DA SILVA FAGUNDES      JOSE ANDRADE BATISTA JUNIOR                         28623330                                                            000092
100000 000000000000 0009028130014967500000001453              0000000000000001453500000000002N           2  01000000145310011700000000447000000000012N131216000000000000000000000000000000004000000000000000000000000000000100013163867758GABRIELA SARDINHA MAROTTI               JOSE CALDAS                                         28601970                                                            000093
100000 000000000000 0009028130014967500000001465              0000000000000001465900000000002N           2  01000000146510011700000000337000000000012N131216000000000000000000000000000000008500000000000000000000000000000100002965172750ROSSANA BARBOSA DOS SANTOS              15 DE NOVEMBRO                                      28623355                                                            000094
100000 000000000000 0009028130014967500000001477              0000000000000001477200000000002N           2  01000000147710011700000000407000000000012N131216000000000000000000000000000000006000000000000000000000000000000100013776743719NATALIA DA SILVA CUNHA                  JOAQUIM ANTUNES                                     28623770                                                            000095
100000 000000000000 0009028130014967500000001489              0000000000000001489600000000002N           2  01000000148910011700000000447000000000012N131216000000000000000000000000000000006000000000000000000000000000000100013776743719NATALIA DA SILVA CUNHA                  JOAQUIM ANTUNES                                     28623770                                                            000096
100000 000000000000 0009028130014967500000001513              0000000000000001513200000000002N           2  01000000151310011700000000337000000000012N131216000000000000000000000000000000010700000000000000000000000000000100010060266732MARIA DE FATIMA DOS SANTOS MORAIS       PIAUI                                               28623310                                                            000097
100000 000000000000 0009028130014967500000001525              0000000000000001525600000000002N           2  01000000152510011700000000447000000000012N131216000000000000000000000000000000005700000000000000000000000000000100006223114761HERICKA FALTZ                           15 DE NOVEMBRO                                      28623355                                                            000098
100000 000000000000 0009028130014967500000001537              0000000000000001537P00000000002N           2  01000000153710011700000000337000000000012N131216000000000000000000000000000000008500000000000000000000000000000100007655553775THOPSON CARDINOT JESUS                  PIAUI                                               28623310                                                            000099
100000 000000000000 0009028130014967500000001549              0000000000000001549300000000002N           2  01000000154910011700000000337000000000012N131216000000000000000000000000000000013500000000000000000000000000000100012583585738EVANDRO BENTO MIGUEL                    ROMAOAGUILERA CAMPOS                                28620170                                                            000100
100000 000000000000 0009028130014967500000001561              0000000000000001561200000000002N           2  01000000156110011700000000337000000000012N131216000000000000000000000000000000004000000000000000000000000000000100009371101750SILMARIA DE OLIVEIRA RODRIGUES          MAL RONDON                                          28621130                                                            000101
100000 000000000000 0009028130014967500000001573              0000000000000001573600000000002N           2  01000000157310011700000000337000000000012N131216000000000000000000000000000000002200000000000000000000000000000100007955264746TATIANE MARINHO OUVERNEY                SANTANA                                             28633050                                                            000102
100000 000000000000 0009028130014967500000001585              0000000000000001585P00000000002N           2  01000000158510011700000000337000000000012N141216000000000000000000000000000000011700000000000000000000000000000100012320474730ANDIARA LIMA RODRIGUES                  AUGUSTO NICOLAU RODRIGUES                           28610000                                                            000103
100000 000000000000 0009028130014967500000001597              0000000000000001597300000000002N           2  01000000159710011700000000447000000000012N141216000000000000000000000000000000006000000000000000000000000000000100001588667707MARCELO DOS SANTOS                      MANILO DE ARAUJO SILVA                              28523505                                                            000104
100000 000000000000 0009028130014967500000001609              0000000000000001609000000000002N           2  01000000160910011700000000447000000000012N141216000000000000000000000000000000004000000000000000000000000000000100002976012708MIRIAM DO ALMO PINHO                    EDVALDO CUNHA                                       28621400                                                            000105
100000 000000000000 0009028130014967500000001621              0000000000000001621P00000000002N           2  01000000162110011700000000447000000000012N141216000000000000000000000000000000008500000000000000000000000000000100001912230771EVERALDO PETERS                         AURORA SILVEIRA                                     28621220                                                            000106
100000 000000000000 0009028130014967500000001633              0000000000000001633300000000002N           2  01000000163310011700000000447000000000012N141216000000000000000000000000000000004000000000000000000000000000000100010952333783GESSICA CARDOSO OGELIO                  ARAGUAIA                                            28623680                                                            000107
100000 000000000000 0009028130014967500000001645              0000000000000001645700000000002N           2  01000000164510011700000000447000000000012N141216000000000000000000000000000000006000000000000000000000000000000100013827426731FABIANA ROSA ANDRE                      EDEVALDO CUNHA                                      28621400                                                            000108
100000 000000000000 0009028130014967500000001669              0000000000000001669400000000002N           2  01000000166910011700000000337000000000012N141216000000000000000000000000000000009500000000000000000000000000000100001067173757EDILENE DO COUTO BOY                    SOUZA MIRANDA                                       28620340                                                            000109
100000 000000000000 0009028130014967500000001681              0000000000000001681300000000002N           2  01000000168110011700000000337000000000012N141216000000000000000000000000000000010000000000000000000000000000000100010478335733MAYCON BRUNO MORAIS DE SOUZA            ALEXANDRE BACHINI                                   28630280                                                            000110
100000 000000000000 0009028130014967500000001705              0000000000000001705400000000002N           2  01000000170510011700000000337000000000012N141216000000000000000000000000000000008500000000000000000000000000000100005348024783CRISTIANE AMARAL DOS SANTOS             PERNAMBUCO                                          28623120                                                            000111
100000 000000000000 0009028130014967500000001717              0000000000000001717800000000002N           2  01000000171710011700000000337000000000012N141216000000000000000000000000000000008500000000000000000000000000000100093646836768ALZINETH ARAUJO DA SILVA                SOUZA MIRANDA                                       28620340                                                            000112
100000 000000000000 0009028130014967500000001729              0000000000000001729100000000002N           2  01000000172910011700000000337000000000012N141216000000000000000000000000000000008500000000000000000000000000000100007079922739REGIANE LIMA AMORIM ROSA                JULIO ANTONIO THURLER                               00000000                                                            000113
100000 000000000000 0009028130014967500000001741              0000000000000001741000000000002N           2  01000000174110011700000000447000000000012N141216000000000000000000000000000000004000000000000000000000000000000100014959647795FRANCINE BARRETO MUNIZ                  PARA                                                28623090                                                            000114
100000 000000000000 0009028130014967500000001777              0000000000000001777100000000002N           2  01000000177710011700000000447000000000012N141216000000000000000000000000000000008000000000000000000000000000000100009940048777RODRIGO FERREIRA DE CARVALHO            BAHIA                                               28623260                                                            000115
100000 000000000000 0009028130014967500000001801              0000000000000001801800000000002N           2  01000000180110011700000000337000000000012N141216000000000000000000000000000000008500000000000000000000000000000100012351564782DAIANA GARVINO MELLO                    SANTA CATARINA                                      00000000                                                            000116
100000 000000000000 0009028130014967500000001813              0000000000000001813100000000002N           2  01000000181310011700000000447000000000012N141216000000000000000000000000000000006000000000000000000000000000000100003677280796ROSANE DE SOUZA                         BAHIA                                               28623260                                                            000117
100000 000000000000 0009028130014967500000001825              0000000000000001825500000000002N           2  01000000182510011700000000447000000000012N141216000000000000000000000000000000004000000000000000000000000000000100009345581758MICHELE SILVA MIRANDA                   SOUZA MIRANDA                                       28623000                                                            000118
100000 000000000000 0009028130014967500000001837              0000000000000001837900000000002N           2  01000000183710011700000000447000000000012N141216000000000000000000000000000000004000000000000000000000000000000100002634164700WELLINGTON BOTELHO DE SOUZA             15 DE NOVEMBRO                                      28616105                                                            000119
100000 000000000000 0009028130014967500000001849              0000000000000001849200000000002N           2  01000000184910011700000000447000000000012N141216000000000000000000000000000000006000000000000000000000000000000100012282848730JULIANA BARBOSA DO ALMO                 SOUZA MIRANDA                                       28610000                                                            000120
100000 000000000000 0009028130014967500000001873              0000000000000001873500000000002N           2  01000000187310011700000000337000000000012N141216000000000000000000000000000000010500000000000000000000000000000100008931049730FABIANA DA SILVA LIMA                   SAO ROQUE                                           28623380                                                            000121
100000 000000000000 0009028130014967500000001885              0000000000000001885900000000002N           2  01000000188510011700000000447000000000012N141216000000000000000000000000000000006000000000000000000000000000000100012007238721NATHAN COSTA DE OLIVEIRA                MARIA DA GLORIA NENO                                28620150                                                            000122
100000 000000000000 0009028130014967500000001933              0000000000000001933200000000002N           2  01000000193310011700000000447000000000012N141216000000000000000000000000000000004000000000000000000000000000000100038624529808TAYANE VALDIVIA GONCALVES               FOLLY                                               28623380                                                            000123
100000 000000000000 0009028130014967500000001945              0000000000000001945600000000002N           2  01000000194510011700000000337000000000012N141216000000000000000000000000000000006000000000000000000000000000000100012577477708DAIANA PECLI DA SILVA                   JOAQUIM ANTUNES                                     28623770                                                            000124
100000 000000000000 0009028130014967500000001957              0000000000000001957P00000000002N           2  01000000195710011700000000337000000000012N141216000000000000000000000000000000008500000000000000000000000000000100005563215709CINTIA DE JESUS POLLO                   URUGUAIANA                                          00000000                                                            000125
100000 000000000000 0009028130014967500000001969              0000000000000001969300000000002N           2  01000000196910011700000000447000000000012N141216000000000000000000000000000000006000000000000000000000000000000100012059642744DAIANE JARDIM DA SILVA                  FRANCOIS BUTTY                                      28623685                                                            000126
100000 000000000000 0009028130014967500000001981              0000000000000001981200000000002N           2  01000000198110011700000000447000000000012N141216000000000000000000000000000000010000000000000000000000000000000100010712214771MARIA APARECIDA DA SILVA                PRESIDENTE SODRE                                    28623480                                                            000127
100000 000000000000 0009028130014967500000001993              0000000000000001993600000000002N           2  01000000199310011700000000447000000000012N141216000000000000000000000000000000010000000000000000000000000000000100010712214771MARIA APARECIDA DA SILVA                PRESIDENTE SODRE                                    28623480                                                            000128
100000 000000000000 0009028130014967500000002005              0000000000000002005500000000002N           2  01000000200510011700000000447000000000012N141216000000000000000000000000000000006000000000000000000000000000000100002963705760CLEIDE FARIAS DE SALES                  SOUZA CARDOSO                                       28625520                                                            000129
100000 000000000000 0009028130014967500000002017              0000000000000002017900000000002N           2  01000000201710011700000000337000000000012N141216000000000000000000000000000000009500000000000000000000000000000100008626275757JANAINA ALVES SOUZA DE AGUIAR           LIRIOS DO CAMPO                                     28623000                                                            000130
100000 000000000000 0009028130014967500000002065              0000000000000002065900000000002N           2  01000000206510011700000000447000000000012N151216000000000000000000000000000000004000000000000000000000000000000100009075608730ALINE SIQUEIRA MARQUES                  MARIA DA GLORIA NENO                                28620150                                                            000131
100000 000000000000 0009028130014967500000002089              0000000000000002089600000000002N           2  01000000208910011700000000447000000000012N151216000000000000000000000000000000010500000000000000000000000000000100012083386760NAYARA DE DEUS BURGUES                  IZELINO MADURO                                      28623000                                                            000132
100000 000000000000 0009028130014967500000002101              0000000000000002101900000000002N           2  01000000210110011700000000447000000000012N151216000000000000000000000000000000006000000000000000000000000000000100002963705760CLEIDE FARIAS DE SALES                  SOUZA CARDOSO                                       28625520                                                            000133
100000 000000000000 0009028130014967500000002113              0000000000000002113200000000002N           2  01000000211310011700000000447000000000012N151216000000000000000000000000000000004000000000000000000000000000000100010847386783CARLA DA COSTA CARDOSO FONSECA          DA PEDRAS                                           28600000                                                            000134
100000 000000000000 0009028130014967500000002137              0000000000000002137P00000000002N           2  01000000213710011700000000337000000000012N151216000000000000000000000000000000008500000000000000000000000000000100014065505747AMANDA OLIVEIRA DE ALMEIDA RODRIGUES    ESPIRITO SANTO                                      28623360                                                            000135
100000 000000000000 0009028130014967500000002149              0000000000000002149300000000002N           2  01000000214910011700000000447000000000012N161216000000000000000000000000000000006000000000000000000000000000000100012807955738IAGO ELLER AZEVEDO                      MANOEL LOURENCO SOBRINHO                            28623440                                                            000136
100000 000000000000 0009028130014967500000002161              0000000000000002161200000000002N           2  01000000216110011700000000447000000000012N161216000000000000000000000000000000004000000000000000000000000000000100015201835775CHAIANE MAGALDE FAUSTINO MOREIRA        RAUL VEIGA                                          28623460                                                            000137
100000 000000000000 0009028130014967500000002173              0000000000000002173600000000002N           2  01000000217310011700000000447000000000012N161216000000000000000000000000000000006000000000000000000000000000000100099898268700ROSELI MARIA SAMPAIO SILVA              MARANHAO                                            28623110                                                            000138
100000 000000000000 0009028130014967500000002209              0000000000000002209000000000002N           2  01000000220910011700000000447000000000012N201216000000000000000000000000000000004000000000000000000000000000000100016019521710CARLOS VICIUS ARAUJO BASTOS             ARACI DA SILVA CARVALHO                             28623420                                                            000139
100000 000000000000 0009028130014967500000002233              0000000000000002233300000000002N           2  01000000223310011700000000337000000000012N201216000000000000000000000000000000012700000000000000000000000000000100005228151713IARACI SCHUMACKER DE LEMOS              CANDIDO PARDAL                                      28620200                                                            000140
100000 000000000000 0009028130014967500000002245              0000000000000002245700000000002N           2  01000000224510011700000000447000000000012N201216000000000000000000000000000000006000000000000000000000000000000100017410148756NICOLLY LONGO COSTA                     ELISA FERNANDES                                     28623430                                                            000141
100000 000000000000 0009028130014967500000002257              0000000000000002257000000000002N           2  01000000225710011700000000337000000000012N201216000000000000000000000000000000003000000000000000000000000000000100008589358720MARCO ANTONIO DA COSTA ARRUDA           JULIO ANTONIO THURLER                               28620000                                                            000142
100000 000000000000 0009028130014967500000002269              0000000000000002269400000000002N           2  01000000226910011700000000447000000000012N201216000000000000000000000000000000008500000000000000000000000000000100012146982713LILIAN VIEIRA PEREIRA                   GUSTAVO LIRA                                        28623390                                                            000143
100000 000000000000 0009028130014967500000002293              0000000000000002293700000000002N           2  01000000229310011700000000337000000000012N201216000000000000000000000000000000007500000000000000000000000000000100012172854743THAIS MAROTTI VIEIRA CARRIELO           MARINS                                              28613310                                                            000144
100000 000000000000 0009028130014967500000002305              0000000000000002305400000000002N           2  01000000230510011700000000337000000000012N201216000000000000000000000000000000003700000000000000000000000000000100015198767778CLAUDEIR PTRICIO NARCISIO               MANLIO DE ARAUJO SILVA                              28623505                                                            000145
100000 000000000000 0009028130014967500000000157              0000000000000000157300000000002N           2  01000000015715011700000000337000000000012N121216000000000000000000000000000000010700000000000000000000000000000100009109602755FALLINE BUSQUET GALVAO DE LIMA          GAGO COUTINHO                                       00000000                                                            000146
100000 000000000000 0009028130014967500000000421              0000000000000000421100000000002N           2  01000000042115011700000000337000000000012N131216000000000000000000000000000000008500000000000000000000000000000100010891520783ANA PAULA FERREIRA GOMES                MANOEL LOURENCO SOBRINHO                            28623440                                                            000147
100000 000000000000 0009028130014967500000000445              0000000000000000445900000000002N           2  01000000044515011700000000337000000000012N131216000000000000000000000000000000008000000000000000000000000000000100009940004877RODRIGO FERREIRA DE CARVALHO            BAHIA                                               28623260                                                            000148
100000 000000000000 0009028130014967500000001789              0000000000000001789500000000002N           2  01000000178915011700000000337000000000012N141216000000000000000000000000000000008500000000000000000000000000000100012351564782DAIANA GARVINO MELLO                    SANTA CATARINA                                      00000000                                                            000149
100000 000000000000 0009028130014967500000000121              0000000000000000121200000000002N           2  01000000012120011700000000447000000000012N121216000000000000000000000000000000004000000000000000000000000000000100005609105765ZEDEQUIAS DE OLIVEIRA CASTRO            SOUZA MIRANDA                                       28623000                                                            000150
100000 000000000000 0009028130014967500000000997              0000000000000000997300000000002N           2  01000000099720011700000000447000000000012N131216000000000000000000000000000000013700000000000000000000000000000100005533788703PATRICIA DE SOUZA SILVA                 PRIMAVERA                                           28620130                                                            000151
9                                                                                                                                                                                                                                                                                                                                                                                                         000152
