01REMESSA01COBRANCA       00000000000004999512CENTRO EDUCACIONAL PONTO DE PA237BRADESCO       250717        MX0001033                                                                                                                                                                                                                                                                                     000001
100000 000000000000 0009028130014967500000002903              0002020000000002903600000000002N           2  01000000290310061700000000005000000000012N121216000000000000000050000000000000000000000000000000000000000000000100005609105765ZEDEQUIAS DE OLIVEIRA CASTRO            SOUZA MIRANDA                                       28623000                                                            000002
9                                                                                                                                                                                                                                                                                                                                                                                                         000003
