01REMESSA01COBRANCA       00000000000004999512CENTRO EDUCACIONAL PONTO DE PA237BRADESCO       270117        MX0001011                                                                                                                                                                                                                                                                                     000001
100000 000000000000 0009028130014967500000000123              0000000000000000123900000000002N           2  01000000012320031700000000447000000000012N121216000000000000000000000000000000004000000000000000000000000000000100005609105765ZEDEQUIAS DE OLIVEIRA CASTRO            SOUZA MIRANDA                                       28623000                                                            000002
9                                                                                                                                                                                                                                                                                                                                                                                                         000003
