01REMESSA01COBRANCA       00000000000004999512CENTRO EDUCACIONAL PONTO DE PA237BRADESCO       280518        MX0001057                                                                                                                                                                                                                                                                                     000001
100000 000000000000 0009028130014967500000007102              0002363300000007102400000000002N           2  01000000710215051800000000015000000000012N280518000000000000000000000000000000000500000000000000000000000000000100005609105765ZEDEQUIAS DE OLIVEIRA CASTRO            SOUZA MIRANDA                                       28623000                                                            000002
9                                                                                                                                                                                                                                                                                                                                                                                                         000003
