01REMESSA01COBRANCA       00000000000004999512CENTRO EDUCACIONAL PONTO DE PA237BRADESCO       290518        MX0001058                                                                                                                                                                                                                                                                                     000001
100000 000000000000 0009028130014967500000007102              0002030000000007102400000000002N           2  01000000710215051800000000450000000000012N290518000000000000000000000000000000005000000000000000000000000000000100005609105765ZEDEQUIAS DE OLIVEIRA CASTRO            SOUZA MIRANDA                                       28623000                                                            000002
9                                                                                                                                                                                                                                                                                                                                                                                                         000003
