01REMESSA01COBRANCA       00000000000000000000CENTRO EDUCACIONAL PONTO DE PA237BRADESCO       091216        MX0001000                                                                                                                                                                                                                                                                                     000001
100000 000000000000 0009028130014967500000000049              0000000000000000049600000000002N           2  01000000004910011600000000005000000000012N091216000000000000000000000000000000000000000000000000000000000000000100010788819798RAPHAELLA MARTINS TOLEDO                MANLIO DE ARAUJO SILVA                              28600000                                                            000002
9                                                                                                                                                                                                                                                                                                                                                                                                         000003
